4550 5734
2322 349 2397 407 18

906 548 1079 605 Hauc
1122 548 1196 605 ad
1241 550 1585 606 sententiam
1651 559 1922 607 accurata
1966 550 2269 608 titulorum
2332 553 2761 610 examinatione
2813 549 3128 629 perductus
3171 572 3327 629 sum,
3388 572 3743 631 quamquam
3786 574 3901 611 non
3946 572 4098 630 nego

601 632 749 690 duas
795 633 1158 710 potissimum
1204 651 1297 689 res
1336 632 1423 689 illi
1464 652 1818 710 repugnare.
1907 633 2118 711 Neque
2162 636 2317 693 enim
2361 636 2707 712 intellegere
2751 653 3088 712 possumus,
3147 656 3251 694 cur
3291 635 3441 694 illud
3485 632 3688 696 κοινόν
3729 637 4097 695 Ptolemaide

603 736 720 774 nou
764 714 1165 773 Alexandriae
1210 714 1411 772 sedem
1456 716 1743 788 habuerit,
1787 734 1980 793 neque
2024 728 2279 775 curtam
2324 721 2496 796 pauci
2526 719 2773 776 artifices
2817 720 2879 775 in
2922 719 3189 796 catalogo
3230 720 3401 777 titulo
3444 722 3647 778 maiori
3691 716 3824 795 (33)
3869 719 4095 779 adiecto

602 811 1032 860 recenseantur.
1123 798 1271 858 Cum
1317 790 1511 856 autem
1544 810 1602 857 et
1631 798 1948 857 viderimus
1977 801 2185 859 'seiam
2218 821 2455 880 quoque
2485 802 2770 879 synodum
2799 803 2858 859 in
2887 802 3133 860 urbibus
3160 805 3416 861 maxime
3440 806 3620 861 variis
3652 805 3855 881 eisque
3883 806 4095 883 partim

603 884 961 961 ignobilibus
1008 881 1358 961 procedente
1400 892 1661 962 tempore
1703 882 2030 942 consedisse
2073 905 2263 961 neque
2305 886 2508 944 titulus
2550 889 2779 962 integer
2807 895 3072 944 servatus
3101 887 3189 959 sit,
3234 888 3294 945 in
3333 889 3623 945 sententia
3665 908 3840 966 quam
3883 889 4098 966 protuli

598 966 1090 1045 acquiescendum
1129 967 1348 1043 putavi.

902 1050 999 1107 Ad
1045 1050 1397 1127 Aegyptiaci
1458 1049 1691 1126 collegii
1756 1059 1949 1107 autem
2008 1052 2344 1129 exemplum
2413 1054 2472 1109 in
2541 1052 2734 1110 insula
2789 1051 2990 1132 Cypro
3008 1052 3089 1129 ⁹⁶⁸)
3152 1073 3385 1132 quoque
3429 1054 3860 1132 Aegyptiorum
3926 1073 4095 1129 reges

600 1135 916 1209 collegium
943 1133 1254 1211 quoddam,
1302 1132 1459 1212 quod
1489 1153 1687 1190 omues
1717 1134 1966 1191 artifices
1996 1134 2222 1192 insulae
2254 1136 2431 1193 totius
2460 1137 2943 1213 complecteretur
2960 1137 3040 1212 93)
3089 1150 3147 1194 et
3179 1139 3342 1195 cuius
3374 1136 3538 1195 sedes
3567 1147 3716 1197 esset
3740 1138 3981 1215 Paphus
3998 1136 4095 1211 99),

603 1220 921 1276 instituisse
950 1216 1241 1276 videntur.
1314 1218 1597 1275 Fueritne
1641 1238 1777 1274 vero
1804 1217 1948 1274 illud
1993 1220 2306 1295 collegium
2339 1218 2696 1298 Cypriacum
2739 1221 2798 1277 in
2831 1221 3092 1296 singulas
3121 1220 3377 1298 synodos
3405 1219 3672 1293 divisum,
3716 1220 3958 1279 dubium
3988 1232 4096 1282 est.

902 1299 1181 1358 Condicio
1227 1321 1378 1378 quae
1405 1301 1580 1358 fuerit
1607 1301 1879 1358 universa
1908 1302 2285 1378 collegiorum
2333 1305 2391 1360 iu
2438 1308 2715 1382 Aegypto
2760 1314 2818 1360 et
2846 1302 3045 1381 Cypro
3088 1304 3434 1377 florentium,
3476 1303 3705 1363 duabus
3732 1304 4095 1383 potissimum

600 1405 677 1443 ex
722 1385 897 1443 rebus
942 1385 1330 1460 cognoscitur.
3007 1446 3016 1455 ,
3577 1386 3584 1392 ’

898 1469 1092 1540 Regni
1138 1469 1292 1526 enim
1339 1466 1696 1544 Aegyptiaci
1753 1466 2005 1524 artifices
2050 1469 2221 1545 primi
2263 1489 2433 1546 reges
2479 1491 2593 1528 non
2637 1470 2825 1527 solum
2884 1468 3060 1546 plane
3103 1481 3168 1526 ut
3210 1469 3348 1527 deos
3390 1470 3686 1541 colebant,
3746 1469 3850 1527 sed
3894 1490 4093 1528 eorum

602 1552 837 1608 nomina
879 1553 938 1609 in
983 1552 1228 1609 decretis
1270 1551 1346 1610 ad
1390 1570 1601 1609 nomen
1650 1550 1863 1607 Bacchi
1907 1550 2344 1629 adiungebant,
2388 1574 2564 1631 quam
2613 1556 2897 1611 rationem
2942 1551 3174 1611 dicendi
3215 1555 3628 1630 imperatorum
3676 1553 3908 1612 demum
3953 1564 4095 1611 tem-

600 1635 837 1712 poribus
882 1636 1025 1694 alibi
1056 1654 1290 1713 quoque
1321 1637 1379 1692 in
1410 1654 1577 1692 usum
1606 1634 1838 1691 venisse
1867 1633 2212 1701 videbimus.
2305 1639 2511 1715 ltaque
2544 1640 2601 1695 in
2636 1637 2929 1714 lapidibus
2963 1637 3432 1695 Ptolemensibus
3459 1637 3706 1695 audiunt
3748 1636 3805 1696 οῖ
3834 1647 4092 1716 τεχνῖται

605 1719 659 1780 οἱ
684 1717 1077 1798 π.τ.(με’γαν)
1108 1719 1188 1779 Δ.
1213 1721 1310 1778 καὶ
1350 1716 1544 1790 Θεοὺς
1561 1716 1901 1798 Ἀδελφούς
1918 1721 2044 1793 199),
2074 1720 2135 1777 in
2168 1720 2479 1799 Cypriacis
2509 1730 2611 1778 aut
2641 1720 2694 1780 οἱ
2731 1721 2954 1781 mad.
2975 1728 3236 1798 τεχνῖται
3269 1715 3449 1801 ([35];
3478 1721 3583 1799 37)
3626 1731 3729 1778 aut
3760 1719 3816 1781 οἱ
3847 1745 3908 1783 π.
3929 1744 3983 1781 τ.
4009 1720 4090 1780 Δ.

602 1805 700 1864 καὶ
739 1801 936 1875 Θεούς
978 1801 1317 1883 Εὐεργέτας
1360 1811 1619 1881 τεχνῖται
1664 1800 1799 1879 (363
1846 1806 1957 1874 383
2004 1804 2127 1877 39).
2219 1803 2366 1862 Cum
2412 1816 2608 1862 autem
2640 1803 3067 1882 Philadelphus
3112 1805 3231 1874 ille,
3278 1805 3466 1882 quiin
3500 1806 3680 1863 titulis
3708 1805 4093 1882 Aegyptiacis

600 1897 1095 1955 commemoratur,
1140 1888 1187 1946 Ι.
1220 1885 1652 1960 intellegendus
1694 1888 1796 1956 sit,
1844 1886 2172 1962 Euergetes
2215 1889 2335 1959 ille,
2385 1908 2559 1967 quem
2603 1888 2855 1946 artifices
2900 1888 3107 1966 Cyprii
3151 1900 3518 1961 venerentur,
3564 1890 3648 1948 11.
3695 1907 3822 1946 esse
3865 1887 4095 1945 videtur

603 1970 899 2048 (Newton‚
945 1970 1176 2029 AGJII
1222 1991 1275 2047 p.
1312 1967 1471 2048 153).
3785 2020 3788 2023 .

900 2053 1111 2130 Neque
1140 2072 1278 2111 vero
1306 2054 1553 2110 artifices
1582 2052 1750 2127 regni
1776 2051 2134 2130 Aegyptiaci
2178 2055 2534 2130 singularem
2561 2064 2787 2113 tantum
2820 2053 3114 2133 quendam
3145 2054 3421 2111 honorem
3466 2052 3704 2130 regibus
3735 2052 4090 2123 tribuebant,

602 2136 707 2194 sed
749 2138 809 2194 in
854 2156 1037 2213 regno
1078 2137 1177 2194 illo
1219 2138 1437 2214 optime
1462 2135 1722 2193 ordinato
1753 2156 1786 2192 a
1818 2137 2057 2209 regibus
2088 2158 2194 2214 per
2220 2139 2592 2213 magistratus
2621 2138 2888 2215 publicos
2927 2150 3081 2195 certo
3109 2136 3361 2216 quodam
3392 2135 3563 2194 modo
3593 2136 4090 2209 gubernabantur,

598 2223 682 2279 ita
726 2230 790 2278 ut
832 2221 1051 2279 similes
1096 2220 1418 2277 discordiae
1459 2229 1635 2297 atque
1666 2219 1781 2276 Tei
1823 2219 1905 2277 ibi
1949 2222 2161 2279 exoriri
2209 2242 2325 2279 uon
2367 2233 2621 2299 possent.
2711 2222 2921 2299 Itaque
2966 2234 3026 2278 et
3065 2222 3126 2278 in
3169 2233 3415 2298 utroque
3458 2220 3689 2278 decreto
3720 2222 4093 2299 Aegyptiace

604 2300 894 2386 πρύτανις
915 2302 1017 2365 διὰ
1037 2305 1178 2378 βίου
1196 2325 1231 2362 a
1249 2304 1518 2363 technitis
1537 2304 1852 2361 honoribus
1865 2302 2133 2375 afficitur,
2157 2325 2331 2383 quem
2350 2305 2550 2383 oppidi
2563 2308 2969 2381 magistratum
2987 2305 3164 2362 fuisse
3177 2305 3441 2362 Millerus
3457 2317 3614 2363 recte
3629 2302 4095 2382 suspicatur-¹⁰¹),

600 2396 657 2446 et
700 2389 763 2446 in
804 2388 997 2446 insula
1019 2386 1218 2466 Cypro
1263 2388 1432 2445 homo
1478 2385 1715 2464 quidam
1760 2398 1849 2446 est
1893 2384 2097 2465 ἄρχων
2139 2402 2199 2447 et
2230 2389 2390 2447 urbis
2421 2390 2615 2467 Paphi
2659 2402 2717 2447 et
2756 2389 3298 2460 technitarum102).
3385 2389 3539 2446 Aliis
3583 2407 3817 2465 quoque
3846 2388 4093 2464 negotiis

598 2482 780 2551 atque
822 2471 1419 2529 administrationibus
1462 2473 1656 2547 regiiS,
1699 2471 1748 2527 si
1781 2470 1952 2528 modo
1994 2482 2132 2529 sunt
2159 2474 2398 2548 negotia
2443 2493 2558 2529 non
2602 2474 2746 2531 meri
2769 2473 2939 2542 tituli,
2987 2491 3084 2530 eos
3128 2472 3229 2549 qui
3272 2472 3348 2529 ab
3372 2471 3690 2530 artificibus
3735 2472 4090 2530 honorentur

600 2558 723 2614 sive
771 2555 982 2634 synodi
1030 2554 1424 2633 Dionysiacae
1468 2555 1784 2632 participes
1830 2555 1948 2612 sint
1968 2556 2078 2631 1⁰³)
2127 2558 2251 2615 sive
2296 2556 2404 2613 hoc
2433 2555 2813 2614 demonstrari
2834 2565 3084 2633 nequeat
3102 2556 3230 2626 ¹⁰⁴),
3263 2557 3621 2633 praepositos
3652 2573 3781 2612 esse
3801 2553 4088 2614 videmuS.

902 2639 993 2696 De
1043 2638 1459 2715 posterioribus
1505 2639 1770 2715 Aegypti
1826 2639 2185 2716 temporibus
2247 2659 2435 2719 pauca
2492 2660 2566 2698 ex
2625 2641 3002 2718 scriptoribus
3060 2639 3337 2714 colligere
3399 2657 3724 2717 possumus.
3812 2638 4087 2715 Tlepole-

600 2743 759 2780 mum
788 2723 943 2780 enim
972 2722 1293 2780 Ptolemaei
1319 2721 1647 2800 Epiphanis
1675 2732 1924 2779 tutorem
1955 2742 2199 2799 magnas
2224 2725 2504 2802 pecunias
2534 2724 2804 2781 technitis
2833 2722 3081 2791 dedisse,
3127 2723 3348 2801 quippe
3378 2742 3523 2800 quos
3566 2722 3816 2796 collegio
3847 2723 4088 2800 Aegyp-

600 2809 748 2864 tiaco
811 2805 1073 2864 addictos
1127 2806 1304 2863 fuisse
1364 2805 1680 2863 verisimile
1724 2806 1824 2875 sit,
1886 2804 2043 2884 apud
2087 2808 2405 2885 Polybium
2452 2809 2730 2885 scriptum
2776 2806 3042 2865 videmus
3064 2808 3191 2881 ¹⁰5).
3281 2807 3652 2864 Ptolemaeus
3696 2805 3830 2863 XII
3873 2818 4087 2877 autem,

598 2890 839 2948 ultimus
883 2889 1149 2967 Aegypti
1189 2908 1293 2947 rex
1336 2889 1513 2947 frater
1559 2888 1923 2969 Cleopatrae,
1969 2909 2294 2964 cognomen
2337 2887 2646 2964 Διόνυσος
2673 2890 2776 2967 199)
2823 2889 3228 2964 habebat¹⁰⁷).

901 2972 1124 3046 Quodsi
1151 2973 1410 3031 Siciliam
1455 2982 1514 3030 et
1543 2973 1819 3049 Magnam
1851 2972 2155 3032 Graeciam
2201 2977 2556 3054 respicimus¹
2600 2995 2731 3033 cum
2760 2993 2866 3052 per
2911 2993 2972 3032 se
3001 2983 3164 3053 patet
3206 2973 3286 3031 ibi
3317 2992 3566 3050 quoque,
3612 2970 4083 3051 quandoquidem

599 3077 716 3114 uon
760 3076 959 3115 omnes
1002 3056 1253 3114 artifices
1310 3076 1385 3115 ex
1430 3055 1680 3115 Graecia
1738 3057 1833 3114 vel
1879 3059 2024 3115 Asia
2067 3059 2292 3117 Minore
2354 3061 2569 3116 arcessi
2625 3070 2892 3136 possent,
2952 3067 3109 3116 certa
3161 3055 3448 3134 quaedam
3502 3057 3789 3114 artificum
3836 3055 4088 3132 collegia

600 3141 798 3212 fuisse,
841 3150 963 3197 tum
1008 3142 1211 3218 paucis
1257 3141 1440 3198 titulis
1469 3140 1857 3201 confirmatur.
1946 3141 2253 3220 Syracusis
2284 3143 2438 3201 euim
2483 3140 2551 3203 τὸ
2587 3139 2789 3202 κοινὸν
2822 3147 2944 3201 τῶν
2975 3167 3034 3201 π.
3067 3164 3117 3200 τ.
3147 3140 3226 3199 ,1.
3259 3145 3542 3219 τεχνιτῶν
3586 3142 3695 3216 (40
3727 3132 3802 3221 [V.
3829 3139 3912 3212 1],
3962 3136 4087 3218 [3];

600 3227 675 3282 41
714 3243 766 3282 v,
797 3222 862 3299 4)
915 3233 973 3281 et
1015 3224 1229 3299 Rhegii
1288 3222 1357 3283 τὰ
1405 3221 1608 3285 κοινὸν
1650 3229 1771 3284 τῶν
1823 3250 1883 3284 π.
1932 3248 1984 3285 τ.
2037 3225 2118 3289 A.
2163 3232 2447 3305 τεχνιτῶν
2506 3227 2604 3286 καὶ
2654 3224 2960 3304 προξένιιιν
3021 3226 3124 3300 (42
3153 3244 3206 3280 v.
3237 3225 3366 3301 es.)
3430 3225 3744 3283 invenitur.
3830 3222 4084 3302 Neapoli

599 3326 833 3385 quoque
875 3307 1261 3365 technitarum
1307 3310 1641 3367 societatem
1687 3309 1979 3365 exstitisse
2021 3311 2248 3369 etiamsi
2292 3312 2429 3368 satis
2472 3310 2775 3388 probabile
2819 3307 3077 3379 videtur,
3129 3307 3435 3365 Plutarchi
3462 3308 3572 3382 199)
3629 3306 3824 3365 verbis
3867 3327 3904 3364 a
3945 3307 4084 3364 viris

598 3390 782 3448 doctis
823 3390 1017 3448 allatis
1061 3400 1217 3449 certo
1259 3390 1429 3450 modo
1474 3412 1586 3449 non
1632 3389 2074 3450 demonstratur.
2501 3408 2506 3413 ·

898 3474 1108 3532 Italiae
1151 3485 1211 3532 et
1240 3474 1473 3539 Siciliae
1515 3476 1601 3532 illi
1644 3475 1893 3533 artifices
1918 3476 2129 3535 Graeci
2175 3496 2307 3534 cum
2352 3496 2412 3534 se
2443 3486 2888 3553 congregarent,
2925 3475 3157 3532 nomine
3186 3475 3458 3552 graviore
3485 3470 3735 3549 (κοινόν)
3779 3474 4085 3531 societates

598 3557 863 3634 singulas
908 3578 1147 3616 ornasse
1191 3558 1481 3632 videntur,
1524 3560 1794 3636 quoniam
1842 3560 2131 3637 quomodo
2163 3559 2304 3618 locis
2347 3560 2516 3618 modo
2545 3560 2736 3617 allatis
2779 3559 2852 3617 de
2883 3557 3199 3617 maioribus
3244 3559 3578 3637 corporibus
3622 3558 3864 3635 cogitari
3905 3557 4088 3635 possit

600 3661 770 3699 nemo
813 3643 1101 3719 perspicit.

905 3792 972 3855 ⁹⁴¹)
1014 3795 1091 3841 Dc
1128 3791 1508 3855 antiquioribus
1545 3793 1866 3855 temporibus
1903 3793 2212 3841 Foucartius
2248 3810 2297 3855 p.
2334 3796 2365 3841 9
2403 3793 2660 3842 nonnulla
2697 3793 2930 3851 collegit.
3761 3841 3767 3848 ,

903 3862 969 3923 98)
1005 3861 1098 3910 37:
1132 3859 1237 3910 τῶν
1269 3860 1401 3909 κατὰ
1439 3860 1666 3929 Κύπρον
1696 3876 1755 3911 π.
1776 3879 1821 3911 τ.
1843 3863 1905 3910 Δ.
1940 3859 2208 3925 τεχνιτῶν;
2246 3864 2337 3911 35:
2375 3862 2436 3912 τὸ
2474 3859 2675 3926 ‚rorpah
2708 3860 2811 3911 τῶν
2846 3859 2998 3927 κατά]
3033 3860 3262 3927 Κύπρον
3296 3854 3664 3927 γραμμαήέων
3699 3861 3785 3907 καὶ
3817 3856 3923 3907 τῶν
3955 3875 4010 3906 π.
4036 3874 4081 3906 τ.

597 3931 656 3982 Δ.
716 3947 772 3979 ’τε
804 3948 884 3979 vat
906 3947 946 3977 ω
969 3948 1012 3979 ν.

659 3931 679 3991 ]
774 3949 803 3994 χ
889 3926 967 4062 [93
1004 3998 1097 4045 39:
1144 3991 1248 4044 τῶν
1290 3990 1346 4043 ’ἓν
1390 3995 1568 4061 Πάφῳ
1621 3997 2212 4065 γεγυμναοιαρχηκότων
2256 4000 2344 4044 καὶ
2402 3994 2831 4064 ἡγητορευκότων
2875 4000 2961 4045 καὶ
3007 3994 3112 4046 τοῖν
3153 4013 3211 4046 π.
3249 4012 3294 4045 τ.
3333 3998 3393 4044 Δ.
3431 3998 3517 4043 καὶ
3582 3992 3743 4046 Θεοὺς
3793 3990 4083 4061 Εὐεργέτας

597 4065 864 4131 τεχνιτῶνς
903 4069 994 4114 36ε
1031 4061 1323 4131 ἠρχευκότιι
1356 4062 1450 4127 τῆς
1480 4058 1685 4117 πόλεως
1720 4067 1803 4113 καὶ
1839 4082 1884 4114 τ.
1920 4081 1976 4112 π.
2017 4082 2062 4114 τ.
2098 4069 2158 4114 Δ.
2195 4082 2239 4114 κ.
2284 4064 2342 4114 Θ.
2379 4068 2440 4114 E.
2475 4065 2737 4129 τεχνιτῶν.

905 4132 988 4189 190)
1023 4134 1089 4181 33
1127 4148 1174 4181 v.
1214 4132 1265 4188 13
1303 4131 1367 4179 34
1404 4147 1448 4196 xj,
1487 4130 1533 4193 2,
1572 4132 1618 4181 7.
1657 4158 1722 4166 —
1758 4135 1826 4181 33
1861 4150 1906 4182 V.
1947 4132 2009 4181 14
2047 4133 2129 4181 dvi
2168 4148 2359 4180 nomen
2400 4144 2598 4181 tantum
2638 4133 2910 4184 invenitur.

904 4200 987 4263 ¹⁰¹)
1027 4200 1108 4248 cf.
1152 4197 1359 4259 Hartcl,
1408 4196 1542 4247 Uber·
1577 4197 1660 4246 die
1696 4197 1891 4263 grisoli.
1938 4198 2129 4264 Papyn'
2173 4198 2421 4252 li'rzherz.
2465 4199 2674 4259 Hainer,
2717 4200 2860 4259 1886,
2896 4217 2944 4264 p.
2983 4200 3065 4249 3⁶2.

910 4268 993 4333 ¹0²)
1031 4269 1097 4319 V.
1134 4284 1175 4318 s.
1213 4269 1331 4318 adn.
1368 4270 1449 4317 99.
1520 4267 1840 4315 Boeckhium
1896 4280 1947 4316 et
1999 4284 2089 4316 eos
2145 4268 2232 4329 qui
2288 4284 2402 4316 eum
2457 4269 2620 4317 secuti
2674 4269 2780 4317 sint
2825 4268 2909 4332 (cf.
2948 4268 3316 4326 Lucdersium-‚
3372 4282 3421 4328 p.
3459 4262 3573 4328 92),
3622 4263 3754 4313 salso
3812 4265 4083 4328 scripsisse

597 4335 1009 4405 cipzclspszilovm
1044 4352 1183 4384 nunc
1220 4335 1344 4384 satis
1382 4343 1589 4384 constat
1623 4333 1707 4398 (cf.
1748 4335 2071 4385 Ncwtonium
2110 4340 2173 4383 ad
2211 4335 2245 4385 l.
2285 4335 2357 4399 l.).

905 4402 989 4469 ¹⁰³)
1025 4405 1116 4454 37:
1162 4402 1258 4454 τοῦ
1291 4402 1561 4469 συγγενοῦς
1597 4408 1683 4451 καὶ
1718 4401 2281 4471 ὓπομνηματογράφου
2316 4408 2402 4453 καὶ
2443 4402 2549 4453 τῶν
2582 4404 2713 4455 κατὰ
2755 4405 2984 4470 Κύπρον
3023 4421 3080 4452 π.
3120 4420 3164 4452 τ.
3202 4405 3262 4453 Δ.
3298 4398 3565 4465 sextaruim
3609 4401 3676 4450 :39
3722 4400 3825 4448 alia
3869 4415 4084 4449 munera

598 4473 771 4524 sodali
808 4474 1013 4522 cuidem
1050 4472 1328 4521 commissa
1364 4480 1487 4519 sunt
1520 4468 1587 4533 (v.
1626 4475 1742 4520 adn.
1780 4471 1883 4537 99).

902 4540 984 4603 ¹0⁴)
1020 4544 1112 4589 33:
1148 4541 1400 4607 πρύτανις
1423 4533 1513 4587 διὰ
1538 4539 1658 4597 ,νίὀυ
1694 4540 1830 4588 idem
1865 4550 1943 4589 est
1977 4534 2261 4605 ἱππάρχης.
2333 4540 2413 4589 Cf.
2451 4542 2543 4589 35:
2577 4534 2922 4603 Ὀλυμπιάδα
2957 4577 2968 4589 .
2995 4576 3006 4588 .
3033 4577 3044 4589 .
3089 4536 3346 4604 [γυναῖκα]
3385 4575 3396 4587 .
3422 4573 3434 4586 .
3462 4575 3474 4587 .
3513 4532 3625 4599 [τοῦ
3665 4532 3935 4604 συγγενοῦς
3967 4530 4080 4597 τοῦ]

591 4601 861 4673 βασιλέως,
898 4607 992 4658 τοῦ
1030 4605 1240 4672 odom-ry
1279 4604 1339 4657 οἷῐ
1373 4612 1459 4655 καὶ
1486 4607 1764 4673 ναυάρχου]
1800 4612 1887 4657 καὶ
1920 4605 2198 4675 ἀρχιερέως
2232 4607 2294 4656 τὸ
2330 4604 2530 4671 κοιῖνόν
2560 4607 2667 4657 τῶν
2700 4606 2851 4672 κατὰ]
2890 4608 2956 4656 K.
2985 4600 3353 4672 γραμματ[έων
3369 4607 3456 4652 καὶ
3473 4602 3579 4654 τῶν
3595 4621 3651 4654 π.
3677 4601 3760 4669 Δ.]
3784 4597 4080 4665 τεχνιτῘῶῙν.

906 4676 990 4738 ¹⁰⁵)
1026 4678 1178 4736 XVI,
1233 4678 1320 4735 ..1,
1353 4676 1416 4724 8:
1463 4668 1544 4724 διε
1581 4676 1756 4739 ρι’πτει
1800 4677 1864 4725 τὰ
1914 4670 2157 4737 βασιλικοὶ
2192 4675 2438 4740 χρήματα
2471 4677 2584 4729 τοῖς
2619 4674 2728 4725 ἀπὸ
2766 4675 2858 4740 τῆς
2885 4667 3149 4726 Ἑλλάδος
3183 4673 3575 4739 παραγεγονόσι
3610 4670 3956 4739 πρεσβευταῖς
3993 4673 4081 4718 καὶ

594 4742 709 4796 τοῖς
743 4760 800 4795 π.
821 4761 866 4792 τ.
886 4749 950 4860 ἰΔ.
974 4744 1244 4807 τεχνίταις,
1277 4738 1509 4861 &adiecta
1545 4691 1603 4793 Ξὲ
1636 4742 1751 4797 τοῖς
1782 4748 1905 4809 περὶ
1937 4743 2033 4807 τήν
2068 4737 2232 4807 αὐλήν
2264 4743 2488 4811 ἡγεμόσι
2522 4749 2608 4793 καὶ
2646 4742 3004 4813 στρατιώταις.
3077 4742 3361 4789 Theatrum
3399 4739 3817 4789 Alexandrinum
3855 4753 4082 4787 comme-

599 4824 772 4859 morat
807 4813 882 4859 Po
943 4813 989 4859 b.
1027 4813 1126 4860 XV
1158 4814 1225 4859 30
1317 4851 1326 4860 .
2042 4836 2046 4840 Δ

906 4829 988 4941 1999)
1026 4881 1103 4930 cf.
1144 4848 1378 4935 heisten,
1425 4878 1829 4928 Halicarnassus
1867 4884 1943 4927 etc
1978 4879 2029 4926 11
2065 4880 2096 4928 :2
2134 4896 2181 4942 p.
2218 4880 2317 4930 775
2354 4877 2469 4941 (ηοξ
2509 4878 2595 4943 60)
2632 4896 2678 4929 v.
2719 4880 2805 4929 10:
2848 4871 3233 4942 [Πτολεμαίου]
3276 4874 3412 4926 Θεοῦ
3453 4876 3592 4924 Νέου
3628 4872 3902 4924 Διονύσου.

907 4947 989 5012 107)
1028 4948 1105 4995 De
1139 4947 1499 4996 Basilistarum
1536 4948 1785 4996 socictate
1831 4962 1947 4995 cum
1992 4947 2358 4995 Attalistarum
2397 4946 2464 5009 (v.
2490 4964 2530 4995 s.
2557 4963 2605 5009 p.
2635 4946 2720 5011 12)
2755 4948 3108 5009 comparanda
3143 4962 3190 4995 v.
3217 4945 3537 4993 Boeckhium
3573 4941 3672 5005 (CJ
3684 4937 3732 4991 G
3759 4942 3892 4991 4893
3941 4942 4078 4993 Add.

682 5014 911 5065 Lucders
948 5012 1052 5080 422),
1090 5015 1179 5077 qui
1214 5025 1351 5064 recte
1389 5018 1453 5063 de
1491 5015 1715 5073 collegio
1761 5016 1987 5077 quodam
2024 5014 2239 5063 militari
2274 5016 2530 5077 cogitasse
2567 5017 2781 5065 videtur.

906 5082 989 5148 ¹⁰¹³)
1026 5085 1170 5132 Brut.
1208 5084 1298 5132 21:
1336 5087 1421 5131 καὶ
1456 5083 1560 5132 τῶν
1594 5100 1651 5132 π.
1685 5101 1732 5133 τ.
1771 5081 1830 5133 Δ.
1868 5083 2115 5146 τεχνιτῶν
2148 5080 2306 5136 αὐτὸς
2343 5074 2415 5136 εἷς
2451 5083 2597 5132 Νέαν
2629 5076 2790 5132 πόλιν
2825 5081 3056 5148 καταβὰς
3092 5078 3319 5144 ἐνέτυχεν
3356 5074 3652 5130 πλείστοις.
