4550 5734
2299 339 2380 400 26

893 543 1118 618 Quodsi
1161 543 1506 620 quaerimuS‚
1552 540 1786 619 quando
1829 540 2034 618 synodi
2075 543 2214 600 illae
2256 543 2544 601 artificum
2583 542 2880 619 perierint,
2912 541 3392 602 verisimillimum
3436 541 3668 602 videtur
3694 561 3792 601 eas
3821 542 4069 621 quodam

593 627 763 687 modo
804 629 864 686 in
909 627 1167 686 medium
1207 644 1417 683 aevum
1453 627 1853 703 permansisse.
1940 628 2362 685 Auctoritatem
2404 645 2542 701 yero
2569 645 2768 684 earum
2797 636 2928 706 post
2955 625 3241 685 Antonini
3283 639 3535 686 aetatem
3561 627 3747 703 magis
3771 629 4073 706 magisque

593 715 677 772 ita
718 712 999 770 minutam
1047 730 1173 770 esse
1214 710 1630 781 intelleximuS,
1672 720 1736 768 ut
1778 710 1889 767 nisi
1919 729 2049 766 cum
2092 709 2383 769 athleticis
2411 709 2752 768 coniunctas
2792 730 2855 769 se
2883 728 3291 790 permansuras
3333 730 3446 769 non
3477 729 3602 769 esse
3643 720 4073 786 cognoscerent.

594 798 805 874 Neque
846 797 1027 873 igitur
1090 790 1415 851 mirandum
1461 792 1828 852 Constantini
1888 793 2244 870 temporibus
2301 788 2588 871 ξυστικήν
2628 791 2865 870 quidem
2912 788 3172 855 σύνοδον
3214 794 3492 865 inveniri,
3555 813 3671 852 non
3717 789 4073 872 θυμελικήν,

592 880 864 959 quoniam
909 878 1111 937 deesse
1157 877 1363 954 coepit,
1407 897 1522 954 quo
1565 886 1771 935 auctae
1816 886 1964 946 sunt,
2006 878 2334 956 principum
2375 878 2561 936 favor.

896 961 1128 1037 Quibus
1192 959 1367 1018 rebus
1411 961 1689 1039 expositis
1749 961 1886 1017 satis
1931 959 2193 1018 docuisse
2235 960 2381 1018 mihi
2424 958 2629 1019 videor
2667 960 2821 1019 inter
2861 960 3056 1019 omnia
3100 958 3458 1018 Graecorum
3502 958 3779 1019 sodalicia
3821 958 4074 1038 synodos

594 1047 725 1104 illas
786 1045 964 1105 fuisse
1024 1044 1448 1123 potentissima,
1530 1045 1576 1102 si
1641 1043 1877 1121 quidem
1936 1042 2288 1122 quibusdam
2347 1043 2705 1122 temporibus
2770 1044 2852 1102 ita
2912 1042 3116 1103 eadem
3182 1043 3303 1102 fere
3364 1044 3710 1102 auctoritate
3774 1052 4075 1102 uterentur

593 1139 771 1207 atque
813 1130 1104 1199 civitates,
1167 1136 1232 1185 ut
1273 1137 1332 1186 et
1375 1128 1594 1187 liberae
1645 1147 1835 1206 paene
1879 1138 2070 1186 essent
2121 1129 2197 1187 ab
2243 1129 2450 1186 harum
2491 1126 2724 1204 legibus
2779 1138 2840 1186 et
2881 1127 3088 1186 harum
3132 1127 3416 1205 quaedam
3461 1128 3771 1207 privilegia
3813 1128 3897 1185 eis
3938 1127 4076 1185 solis

593 1222 784 1272 essent
826 1232 1098 1272 concessa
1118 1211 1246 1285 ¹⁶⁹).
1331 1212 1423 1269 Ac
1465 1213 1732 1291 quamvis
1774 1211 1849 1270 ab
1893 1213 2008 1270 illis
2048 1220 2202 1270 artes
2243 1211 2435 1269 varias
2477 1210 2663 1269 cultas
2704 1229 2832 1270 esse
2875 1222 3184 1292 appareat,
3251 1221 3448 1270 tamen
3490 1209 3926 1270 concedendum
3970 1222 4074 1281 est,

593 1294 751 1375 quod
792 1296 1007 1356 finibus
1051 1296 1352 1355 civitatum
1397 1316 1513 1353 non
1560 1304 1987 1367 coercerentur,
2055 1315 2152 1352 eas
2195 1313 2313 1352 non
2356 1294 2634 1370 flagrasse
2687 1296 2913 1373 patriae
2955 1296 3195 1354 caritate
3235 1294 3368 1368 illa,
3431 1314 3548 1372 qua
3589 1293 3847 1353 Graecos
3891 1313 4076 1372 usque

593 1381 667 1440 ad
710 1379 1007 1439 labentem
1039 1379 1321 1439 Graeciae
1368 1379 1701 1438 libertatem
1744 1380 1949 1438 arsisse
1980 1388 2218 1449 constat,
2264 1379 2349 1436 ita
2395 1388 2461 1436 ut
2500 1378 2757 1455 ipsorum
2785 1379 2961 1458 culpa
3003 1398 3190 1437 mores
3223 1377 3579 1438 Graecorum
3621 1379 3682 1436 in
3726 1376 3849 1436 dies
3892 1378 4078 1455 magis

592 1465 897 1541 magisque
937 1465 1214 1545 perirent.
1299 1462 1471 1538 Quod
1516 1482 1653 1521 vero
1678 1463 1738 1521 hi
1773 1464 1882 1522 viri
1925 1484 1998 1523 ex
2027 1461 2297 1520 omnibus
2325 1462 2558 1541 imperii
2588 1462 2923 1538 regionibus
2965 1463 3392 1521 conveniebant
3419 1462 3494 1521 ad
3535 1471 3756 1520 certum
3783 1460 4076 1540 quendam

588 1547 767 1607 deum
810 1546 1225 1618 venerandum,
1273 1547 1383 1605 hoc
1424 1545 1848 1624 quodammodo
1894 1548 2204 1606 convenire
2248 1565 2380 1604 cum
2425 1545 2682 1605 moribus
2724 1544 3186 1606 Christianorum
3230 1548 3358 1625 quis
3404 1556 3491 1604 est
3535 1546 3636 1624 qui
3678 1543 3902 1623 neget?

906 1748 987 1812 ¹⁸⁹)
1025 1750 1093 1798 Et
1127 1748 1329 1808 legatos
1367 1757 1417 1797 et
1451 1762 1716 1813 proxcuos
1756 1747 2143 1796 constituebant
2176 1744 2434 1806 (Mueller,
2469 1762 2521 1810 p.
2559 1742 2696 1805 401).
