4550 5734
2305 358 2379 420 16

595 571 671 627 31
706 564 1097 624 Athenienses
1141 565 1515 623 inveniantur
1532 562 1654 639 ⁸³)?
1739 564 1865 621 Iam
1913 582 2041 621 cum
2086 559 2445 620 sacerdotem
2489 561 2771 638 catalogis
2812 558 3231 638 praescriptum
3276 559 3514 635 collegii
3556 559 3854 617 Isthmiaci
3896 559 4076 620 fuisse

592 661 887 730 putemne,
931 646 1292 707 sacerdotem
1334 667 1567 725 quoque
1595 645 1889 724 Argivum
1933 644 2183 721 catalogi
2216 643 2577 723 Boeotici84)
2620 654 2680 703 et
2720 643 2874 702 tituli
2905 642 3180 700 Thebani
3221 640 3452 716 (CJGS
3485 644 3673 719 2447)
3691 640 3772 721 ⁸⁵)
3814 644 4074 703 eiusdem

590 734 771 792 tuisse
800 732 1144 811 participem
1173 731 1491 788 verisimile
1516 740 1621 791 est.
1682 731 2014 808 Epistulam
2046 748 2302 806 quoque,
2333 748 2449 806 qua
2474 729 2848 802 magistratus
2876 724 3113 804 quidam
3141 725 3436 784 Romanus
3468 726 3740 784 technitis
3769 728 4078 803 privilegia

594 817 861 876 concedit
878 813 1033 894 (24),
1075 815 1386 894 quominus
1417 812 1491 871 ad
1519 834 1797 889 magnum
1831 813 2144 890 collegium
2174 811 2543 869 Isthmiacum
2572 809 2765 868 datam
2788 828 2915 870 esse
2934 809 3297 886 suspicemur
3316 810 3462 867 nihil
3482 826 3571 867 est
3593 808 3749 887 quod
3778 810 4076 889 impediat.

895 900 1093 956 Attica
1137 895 1395 974 synodus
1438 898 1673 974 quando
1717 898 1983 956 seiuncta
2022 897 2095 953 sit
2138 916 2173 952 a
2218 901 2399 979 κοινῷ
2443 897 2760 966 nescimus;
2802 892 2861 953 id
2905 912 3085 950 unum
3129 902 3394 950 constare
3436 892 3669 951 videtur
3713 895 3794 969 (V.
3822 913 3866 952 s.
3893 914 3944 972 p.
3973 892 4075 975 10)

596 994 727 1063 post
772 982 997 1041 cladem
1042 981 1348 1041 Sullanam
1397 980 1495 1049 (cf.
1528 981 1591 1056 5)
1637 980 1923 1039 technitas
1968 979 2359 1037 Athenienses
2402 978 2592 1037 denuo
2640 977 2854 1036 liberos
2898 977 3078 1034 fuisse
3119 974 3194 1032 ab
3238 976 3397 1033 illius
3442 976 3698 1035 arbitrio.

892 1067 1113 1135 Restat,
1159 1074 1225 1121 ut
1268 1062 1341 1121 de
1370 1065 1576 1122 ceteris
1619 1063 2093 1142 inscriptionibus
2135 1082 2399 1139 agamuS,
2440 1062 2542 1119 ubi
2583 1062 2761 1119 totius
2792 1063 2997 1121 κοινοῦ
3041 1067 3198 1116 certa
3241 1058 3528 1137 quaedam
3571 1060 3787 1119 mentio
3831 1060 3910 1120 fit.
3997 1061 4076 1118 Et

592 1151 652 1207 in
697 1150 1103 1227 antiquissimo
1164 1147 1333 1205 titulo
1399 1144 1557 1225 (22),
1613 1149 1675 1206 in
1732 1168 1844 1225 quo
1905 1147 2216 1222 collegium
2270 1147 2570 1203 etiamtum
2615 1142 2682 1204 τὸ
2730 1142 2934 1204 κοινὸν
2991 1146 3114 1202 τῶν
3152 1148 3439 1220 τεχνιτῶν
3497 1148 3620 1203 τῶν
3664 1144 3748 1214 εἷς
3784 1140 3850 1202 ³1.
3895 1168 3949 1204 κ.
3995 1146 4076 1205 Ν.

593 1231 773 1306 audit,
817 1253 949 1291 cum
979 1231 1426 1309 Amphictiones
1470 1229 1543 1289 de
1573 1230 1731 1289 feriis
1759 1228 2154 1289 trister-idibus
2183 1228 2403 1286 Bacchi
2446 1226 2734 1305 quaedam
2769 1228 3140 1295 constituant,
3188 1236 3686 1284 commemoratur.
3763 1226 3875 1284 His
3920 1229 4074 1284 enim

592 1316 799 1375 diebus
838 1317 1026 1386 festis,
1078 1316 1179 1392 qui
1222 1316 1283 1372 in
1326 1315 1645 1373 clarissimo
1699 1314 1800 1373 illo
1843 1313 2059 1390 hymno
2102 1311 2400 1388 Apollinis
2457 1311 2707 1389 Delphis
2762 1329 2948 1390 nuper
2990 1320 3218 1385 reperto
3277 1318 3526 1386 τριετεῖς
3570 1309 3770 1391 φαναί
3814 1308 4075 1382 audiunt,

592 1400 841 1458 artifices
883 1398 1113 1457 fabulas
1143 1397 1422 1476 quasdam
1452 1399 1643 1474 egisse
1683 1397 1758 1455 ad
1790 1396 2007 1453 Bacchi
2050 1396 2272 1453 cultum
2300 1396 2658 1473 pertinentes
2688 1394 3045 1452 Pomtowius
3086 1391 3149 1466 (l.
3180 1391 3216 1450 l.
3246 1413 3303 1470 p.
3338 1395 3484 1469 558)
3527 1395 3666 1450 satis
3694 1393 4077 1471 probabiliter

593 1484 836 1542 coniecit
898 1481 1156 1557 Augusti
1212 1482 1563 1539 Mommseni
1625 1481 1971 1539 sent-entiam
2032 1486 2281 1537 secutus,
2369 1480 2687 1537 Praeterea
2748 1496 2822 1535 ex
2885 1476 2988 1533 illa
3051 1475 3424 1554 inscriptione
3484 1486 3747 1534 extrema
3802 1486 4077 1555 ταμιεῖον

593 1567 829 1644 collegii
873 1565 1102 1624 Thebis
1162 1564 1343 1623 fuisse
1388 1564 1587 1641 colligi
1629 1574 1833 1643 potest.
1922 1561 2097 1621 Unde
2141 1562 2191 1619 si
2236 1563 2368 1640 quis
2411 1559 2722 1619 concludat
2765 1559 3002 1618 Thebas
3063 1559 3238 1617 totius
3283 1564 3487 1618 κοινοῦ
3532 1570 3708 1638 caput
3749 1558 3963 1633 fuisse,
4017 1560 4078 1619 id

594 1649 749 1728 quod
793 1669 899 1708 nos
932 1647 1178 1706 dicimus
1222 1644 1547 1720 „Vor0rt“,
1589 1646 1859 1725 equidem
1904 1666 2022 1704 non
2064 1643 2474 1724 obloquar8⁶)‚
2518 1643 2675 1722 quod
2722 1644 2866 1703 haec
2907 1643 3196 1701 sententia
3237 1644 3455 1720 optime
3496 1644 3577 1700 eis
3623 1643 4073 1716 commendatur,

594 1753 743 1812 quae
787 1733 861 1791 de
902 1730 1157 1810 superba
1200 1732 1425 1789 ratione
1469 1729 1640 1788 modo
1684 1731 2088 1808 exposuimus,
2144 1748 2261 1807 qua
2304 1726 2564 1806 synodus
2606 1727 2900 1786 Thebana
2954 1745 3016 1784 se
3058 1726 3307 1802 gesserit
3350 1736 3410 1783 et
3453 1746 3582 1784 cum
3629 1727 4076 1786 Atheniensium

594 1816 868 1875 sodalicio
911 1816 1255 1873 auctoritate
1297 1813 1411 1872 sibi
1456 1815 1690 1893 suppari
1736 1813 1809 1871 de
1850 1814 2181 1891 principatu
2224 1810 2603 1871 contenderit.

890 1900 1098 1976 Itaque
1141 1918 1217 1957 ex
1259 1898 1375 1955 alio
1419 1895 1651 1956 decreto
1695 1892 1985 1974 Delphico
2043 1893 2176 1972 (29)
2220 1894 2615 1971 intellegimus
2659 1895 2899 1953 Thebas
2954 1895 3176 1971 legatos
3220 1892 3424 1950 missos
3469 1912 3622 1964 esse,
3683 1894 3784 1972 qui
3829 1894 4077 1970 collegio

596 1983 907 2041 Isthmiaco
953 1982 1181 2040 Soteria
1244 1979 1569 2039 hibernalia
1628 1979 2041 2039 denuntiarent
2059 1976 2156 2057 8Ἰ).
2241 1979 2454 2056 Neque
2514 1980 2692 2051 enim,
2755 1996 2886 2035 cum
2931 1980 3016 2049 εἷς
3064 1972 3282 2055 Θήβας
3342 1986 3497 2034 recte
3551 1980 3882 2054 suppletum
3949 1996 4076 2035 esse

592 2066 862 2124 videatur
905 2062 1004 2143 (cf.
1037 2064 1373 2122 Reischium
1416 2085 1474 2142 p.
1510 2060 1671 2143 103),
1717 2064 1857 2122 satis
1899 2062 2212 2121 verisimile
2267 2072 2357 2120 est
2412 2060 2872 2119 additamentum
2925 2056 3373 2121 συντελούντων
3417 2059 3484 2121 δὲ
3524 2061 3584 2121 ἐν
3625 2055 3868 2138 Θήβαις
3920 2057 3998 2139 (v.
4033 2080 4077 2121 s.

591 2171 645 2227 p.
673 2149 776 2227 13)
814 2148 977 2207 nulla
1010 2149 1127 2206 alia
1156 2146 1229 2205 de
1259 2167 1436 2206 causa
1463 2149 1573 2205 nisi
1595 2148 1670 2205 ob
1698 2145 2139 2205 antecedentem
2164 2143 2327 2202 urbis
2345 2145 2949 2203 commemorationem
2969 2153 3101 2221 post
3119 2142 3379 2201 sodalicii
3403 2163 3615 2201 nomen
3638 2146 3910 2201 omissum
3933 2163 4076 2202 esse.

889 2232 1162 2309 Denique
1190 2232 1406 2309 optime
1437 2230 1816 2306 intellegitur,
1861 2248 1964 2287 cur
2008 2239 2068 2287 et
2098 2230 2287 2286 socius
2331 2228 2480 2285 alius
2506 2227 2787 2299 sodalicii,
2830 2228 2993 2286 velut
3018 2227 3175 2304 Teii,
3218 2228 3319 2305 qui
3352 2224 3427 2284 de
3453 2225 3750 2286 sodalibus
3781 2227 4079 2284 Isthmiaci

593 2310 1110 2394 (ἐντυγχάνουσιν)
1158 2314 1312 2373 bene
1340 2314 1583 2372 meritus
1616 2315 1706 2385 sit,
1752 2333 1866 2371 non
1898 2333 1935 2369 a
1976 2312 2257 2389 singulari
2299 2320 2466 2390 parte
2508 2311 2609 2368 sed
2652 2331 2688 2369 a
2729 2320 2848 2369 toto
2894 2315 3078 2393 κοινῷ
3122 2309 3436 2368 honoretur
3480 2307 3631 2389 (14),
3678 2319 3737 2368 et
3777 2312 3838 2367 in
3880 2312 4076 2385 singu·

591 2400 784 2458 larum
828 2395 1180 2476 synodorum
1225 2398 1473 2456 decretis
1519 2396 1593 2454 ad
1629 2393 1831 2457 κοινόν
1859 2397 1931 2453 iis
1975 2405 2200 2453 tantum
2244 2395 2388 2452 locis
2431 2396 2788 2473 respiciatur,
2835 2393 2938 2452 ubi
2980 2393 3053 2451 de
3095 2394 3317 2451 meritis
3361 2392 3709 2471 quibusdam
3756 2404 3964 2470 agatur
3980 2395 4077 2469 ⁸⁸).

886 2480 1176 2554 Quoniam
1234 2483 1415 2557 igitur
1470 2481 1614 2538 mihi
1668 2480 2160 2539 demonstravisse
2218 2477 2420 2535 videor
2491 2479 2587 2535 vel
2660 2478 3062 2556 potentissima
3140 2478 3331 2555 capita
3405 2478 3711 2553 regionum
3791 2477 4076 2535 Graeciae

588 2567 908 2635 variarum,
952 2564 1216 2623 Athenas
1259 2563 1599 2622 Chalcidem
1642 2564 1880 2622 Thebas
1925 2562 2164 2641 Opunta
2205 2562 2401 2638 Argos
2452 2560 2619 2619 sedes
2682 2561 3043 2637 singularum
3102 2559 3456 2638 synodorum
3504 2561 3737 2635 collegii
3779 2560 4078 2619 Isthmiaci

586 2650 782 2719 fuisse,
829 2648 1002 2706 etiam
1049 2648 1178 2705 aliis
1222 2647 1569 2726 quibusdam
1616 2649 1677 2705 in
1708 2646 1949 2706 urbibus
1986 2646 2323 2715 maioribus,
2366 2644 2529 2702 velut
2574 2642 2839 2703 Corinthi
2884 2643 3139 2722 Sicyone
3182 2644 3464 2701 Phliunte
3510 2644 3726 2702 similes
3776 2645 4079 2701 societates

588 2732 878 2791 exstitisse
937 2732 1221 2810 suspicari
1281 2731 1526 2803 licetffl'),
1627 2732 1813 2788 lmmo
1873 2728 2143 2807 equidem
2204 2729 2658 2786 existimaverim
2723 2746 2921 2786 omnes
2978 2727 3265 2786 technitas
3324 2728 3498 2785 totius
3559 2724 3844 2785 Graeciae
3902 2728 4076 2785 etiam

585 2814 934 2874 Thessaliae
978 2825 1037 2873 et
1067 2813 1445 2873 Macedoniae
1467 2812 1547 2893 ⁹⁰)
1587 2817 1649 2872 in
1693 2833 1873 2872 unum
1918 2833 2192 2889 magnum
2237 2830 2447 2889 corpus
2492 2823 2874 2888 congregatos
2917 2811 3117 2872 fuisse.
3205 2810 3358 2885 Quia
3397 2812 3593 2888 igitur,
3634 2820 3700 2868 ut
3728 2829 3926 2869 omnes
3957 2809 4078 2869 fere

586 2900 833 2958 artifices
881 2899 1056 2956 Asiae
1100 2899 1412 2977 participes
1456 2909 1623 2955 erant
1665 2896 1876 2975 synodi
1927 2896 2132 2968 Teiae‚
2174 2898 2258 2953 ita
2311 2894 2560 2953 artifices
2611 2896 2793 2973 ipsius
2838 2893 3121 2953 Graeciae
3176 2905 3341 2952 erant
3398 2894 3632 2971 collegii
3678 2894 3980 2952 Isthmiaci
4023 2904 4081 2953 et

586 2982 885 3041 nonnullis
928 2980 1162 3059 quidem
1206 2981 1566 3059 temporibus
1610 3001 1791 3039 unum
1835 2980 2147 3055 collegium
2202 2981 2341 3037 item
2394 2989 2571 3056 atque
2624 2979 2871 3036 alterum
2925 2980 2985 3036 in
3032 2977 3316 3037 Graeciae
3375 2976 3528 3035 ludis
3579 2979 3851 3036 maximis
3907 2979 4079 3035 inter—

586 3077 739 3143 erat,
796 3066 1058 3123 homines
1101 3063 1311 3122 Graeci
1356 3066 1417 3122 in
1460 3063 1825 3123 sermonibus
1869 3061 2173 3122 cotidianis
2215 3063 2369 3121 inter
2412 3081 2476 3119 se
2519 3081 2801 3139 quaerere
2854 3062 3153 3132 solebant,
3214 3071 3406 3118 utrum
3462 3061 3641 3118 Asiae
3684 3081 3760 3119 an
3801 3062 4078 3140 Europae

588 3150 839 3208 artifices
884 3157 1080 3207 essent
1121 3144 1512 3225 meliores⁹¹).

885 3231 1055 3305 Quod
1120 3229 1192 3288 ad
1253 3242 1481 3309 tempus
1537 3233 1768 3300 attinet,
1826 3249 1941 3306 quo
2002 3227 2111 3286 hoc
2180 3230 2493 3305 collegium
2548 3227 2839 3286 conditum
2914 3230 3014 3298 sit,
3092 3238 3361 3306 apparet,
3449 3247 3581 3285 cum
3650 3228 3895 3286 Isthmia
3959 3248 4074 3284 non

589 3326 723 3375 ante
766 3316 1061 3373 saeculum
1108 3324 1407 3393 quartum,
1468 3316 1697 3373 Nemea
1752 3312 1886 3370 inde
1949 3334 1984 3370 a
2039 3312 2270 3370 saeculo
2312 3312 2544 3371 demum
2589 3313 2756 3370 tertio
2802 3311 2954 3369 ludis
2995 3313 3228 3369 musicis
3271 3311 3563 3369 celebrata
3606 3330 3729 3369 esse
3772 3311 4075 3369 Reischius

590 3400 670 3477 (p.
706 3396 868 3475 782.)
916 3396 1193 3470 docuerit,
1236 3398 1471 3457 saeculo
1516 3399 1685 3456 tertio
1730 3396 1980 3467 demum,
2023 3395 2265 3455 fortasse
2308 3416 2424 3454 non
2467 3405 2604 3454 ante
2631 3396 2857 3455 Soteria
2901 3400 2988 3473 (v,
3019 3396 3088 3468 a.)
3129 3395 3412 3465 instituta,
3462 3395 3776 3471 collegium
3810 3395 4074 3453 Isthmia-

587 3502 719 3541 cum
763 3501 890 3541 esse
932 3494 1142 3539 ortum.
1229 3481 1414 3539 Immo
1458 3502 1573 3539 non
1618 3481 1864 3539 multum
1909 3500 1945 3536 a
1986 3499 2125 3536 vero
2170 3480 2537 3549 aberremus,
2604 3481 2649 3535 si
2712 3498 3048 3538 censeamus
3101 3477 3173 3535 ad
3240 3479 3371 3536 illos
3427 3479 3583 3557 ipsos
3638 3498 3854 3556 agones
3899 3497 4078 3536 novos

586 3566 960 3624 Isthmiorum
1005 3575 1064 3623 et
1107 3565 1462 3623 Nemeorum
1506 3564 1839 3623 efficiendos
1882 3561 2193 3637 collegium
2239 3564 2320 3621 ita
2377 3573 2633 3620 creatum
2689 3582 2842 3634 esse,
2900 3574 2966 3619 ut
3016 3561 3090 3618 ad
3147 3582 3359 3620 nomen
3422 3562 3628 3620 Isthmi
3685 3561 3884 3639 paullo
3944 3569 4078 3637 post

586 3648 889 3707 accederet
934 3648 1210 3709 Nemeae.

891 3798 956 3863 ⁸⁸)
994 3796 1311 3845 Luedersius
1334 3794 1405 3860 (p.
1432 3798 1526 3847 113
1552 3806 1600 3845 et
1624 3793 1742 3862 135»)
1765 3794 1973 3846 Soteris
1995 3795 2083 3843 illa
2112 3810 2145 3842 a
2170 3795 2304 3842 Teia
2328 3798 2531 3859 synodo
2559 3804 2678 3845 acta
2701 3810 2814 3844 esse
2842 3795 3061 3846 censuit.
3099 3796 3313 3844 Rectius
3334 3795 3594 3858 Sauppins
3616 3792 3686 3856 (p.
3704 3790 3786 3854 13)
3809 3794 3872 3839 de
3896 3791 4075 3838 Attico

588 3868 842 3916 sodalicio
881 3861 1146 3925 cogitavit,
1184 3865 1378 3927 optime
1412 3866 1725 3913 Foucartius
1777 3862 1849 3928 (p.
1876 3861 1962 3927 63)
2012 3866 2073 3911 de
2112 3861 2291 3910 Attica
2337 3872 2390 3911 et
2440 3864 2637 3925 Argiva
2682 3872 2734 3911 et
2783 3863 3053 3913 Thebana.
3138 3863 3414 3915 Reischius
3464 3875 3669 3923 quoqne
3720 3858 3958 3924 proxime
4011 3861 4076 3907 ad

588 3950 769 3985 verum
806 3934 1038 3993 accessit,
1076 3947 1191 3981 cum
1229 3932 1425 3980 diceret
1461 3930 1532 3995 (p.
1574 3936 1667 3982 103
1706 3935 1826 3982 adn.
1868 3931 1947 3991 1):
1993 3932 2167 3993 „quod
2217 3931 2263 3978 si
2313 3932 2605 3994 respexeris
2653 3932 2704 3979 in
2745 3940 2990 3993 quattuor
3024 3930 3130 3979 illis
3167 3931 3492 3979 Soteriorum
3532 3925 3787 3986 catalogis
3827 3966 3839 3976 .
3870 3964 3881 3975 .
3909 3964 3923 3977 .
3962 3940 4076 3974 esse

593 4003 881 4068 Sicyonios
918 4001 1083 4059 xxV,
1118 3999 1352 4059 Argivos
1375 4000 1520 4060 VIII,
1559 4001 1792 4049 Boeotos
1829 3998 2203 4057 XXXXVIIII,
2250 3998 2505 4061 suspicari
2539 3999 2714 4062 possis
2742 4001 2838 4047 hos
2865 4014 3072 4060 quoque
3098 3999 3322 4047 artifices
3349 3997 3610 4046 Isthmiaci
3637 3994 3846 4055 collegii
3870 3993 4079 4043 sodales

587 4071 772 4131 fuisse,
824 4071 967 4119 cuius
1018 4064 1273 4117 sodalicia
1319 4065 1523 4129 aliquot
1566 4069 1771 4117 minora
1814 4066 2037 4126 Thebis,
2083 4065 2271 4125 Argis,
2320 4066 2545 4130 &icyone
2597 4067 2815 4128 aliisque
2862 4081 2927 4112 ex
2977 4066 3189 4114 urbibus
3246 4064 3622 4114 conveniebant
3657 4065 3720 4111 ad
3757 4076 3952 4122 magna
3987 4061 4078 4110 illa

588 4139 871 4188 sollemnia
908 4135 1267 4185 celebranda.“

888 4204 955 4267 ⁸⁴)
992 4205 1054 4252 V.
1078 4204 1151 4251 tit.
1190 4203 1253 4251 23
1292 4201 1378 4265 (cf.
1410 4212 1579 4251 autem
1616 4203 1913 4252 Reischium
1950 4218 2000 4264 p.
2039 4200 2179 4263 106);
2222 4200 2605 4261 Dittenbergeri
2643 4201 2782 4250 tituli
2808 4202 3066 4251 restitutio
3094 4201 3218 4263 quid
3243 4201 3343 4249 sibi
3369 4200 3492 4251 velit
3515 4215 3621 4248 non
3647 4198 3774 4249 satis
3801 4197 4071 4256 intellego.

896 4275 960 4323 8⁵)
996 4270 1254 4319 Sacerdos
1292 4271 1494 4319 videtur
1530 4285 1642 4319 esse
1677 4272 1835 4319 homo
1874 4268 2254 4319 Chalcidensis.

898 4340 964 4403 ⁸⁸)
996 4340 1180 4399 Itaque
1217 4353 1331 4386 cum
1372 4339 1656 4387 Pomtowio
1695 4338 1865 4386 facere
1901 4352 2007 4385 non
2044 4352 2274 4399 possum,
2314 4336 2402 4399 qui
2427 4336 2584 4384 verba
2612 4337 2705 4387 illa
2727 4338 2974 4388 liberiore
2998 4335 3224 4401 quodam
3250 4334 3409 4386 modo
3439 4337 3512 4384 ita
3537 4336 3794 4398 expressit
3827 4332 3903 4399 (p.
3928 4330 4074 4395 baffi:

587 4410 726 4474 „und
764 4409 847 4459 die
887 4404 1193 4456 Beschmsse
1228 4404 1298 4453 im
1331 4403 1835 4471 Verwaltungslocal
1870 4403 1960 4452 cles
1995 4401 2364 4451 thebanischen
2412 4402 2736 4470 collegimus
2776 4421 2846 4453 zu
2890 4404 3095 4454 Theben
3130 4402 3456 4453 einmeisseln
3492 4401 3727 4451 liesssn.“

890 4472 958 4539 ⁸⁷)
992 4469 1342 4538 πρεσβε]υτᾶν
1379 4469 1852 4536 ἐξαποσταλέντω[ν
1892 4464 1965 4525 εἷς
2007 4471 2183 4536 Θήβας
2220 4475 2344 4520 ποτὶ
2378 4470 2440 4521 τὸ
2481 4471 2701 4539 κ]οινό[ν
2734 4474 2840 4524 τῶν
2869 4472 3106 4537 τεχνιτᾶν
3137 4472 3243 4522 τῶν
3278 4468 3334 4531 ἐξ
3366 4468 3432 4520 Ἰ.
3469 4489 3515 4522 κ.
3555 4468 3783 4536 Ν]εμέας
3821 4511 3832 4522 .
3871 4508 3885 4523 .
3923 4508 3935 4520 .
3973 4465 4076 4534 [ἐπὶ

584 4548 682 4611 τήν
720 4538 1033 4613 ἐπαγγελίαν
1064 4541 1169 4590 τῶν
1203 4540 1532 4607 χ]ειμερινῶν
1565 4541 1853 4606 Eun-nolum
1887 4533 1994 4589 κτλ.

889 4608 956 4676 ⁸⁸)
993 4610 1072 4660 Cf.
1107 4609 1173 4657 ‘28
1208 4625 1254 4658 v,
1291 4610 1347 4658 6:
1384 4608 1478 4662 τοῖς
1520 4612 1644 4658 ποτὶ
1683 4608 1806 4661 τοὺς
1849 4606 2014 4659 θεοὺς
2063 4601 2378 4671 εὖσεβεία[ς]
2425 4613 2512 4657 καὶ
2554 4608 2649 4664 τᾶς
2684 4614 2810 4659 ποτὶ
2841 4608 2905 4658 τό
2941 4608 3121 4659 κοινὸν
3151 4606 3277 4673 τ[ὠ’ν
3312 4606 3569 4674 τεχν]ιτᾶν
3606 4603 3809 4660 εὐνοίας
3854 4603 3965 4669 (ubi
4012 4606 4075 4651 de

585 4682 812 4747 propriis
848 4678 1196 4763 officiisneius,
1234 4677 1318 4738 qui
1354 4679 1659 4757 honoratur,
1698 4686 1748 4725 et
1783 4679 1846 4724 de
1883 4674 2051 4734 gratia
2087 4674 2135 4721 ei
2172 4673 2338 4722 relata
2372 4677 2557 4737 agitur,
2606 4681 2837 4741 synodus
2870 4678 3193 4726 nominatur:
3243 4693 3289 4729 v.
3328 4679 3375 4737 5,
3412 4678 3489 4737 10,
3531 4674 3606 4735 12,
3650 4674 3757 4739 14);
3795 4673 3856 4721 31
3897 4689 3943 4721 v.
3980 4671 4071 4720 20:

584 4756 671 4800 &a
702 4766 767 4819 tp
800 4765 937 4849 πρῖξ
993 4764 1069 4864 ἐξ
1103 4741 1629 4871 ῗὲζῗιζτξίῗιΐιῖῖᾳὲευ,
1669 4808 1891 4859 ατεὴέοὶ.
1932 4805 1997 4860 Ν.
2040 4808 2093 4859 S.
2132 4809 2286 4858 XXII
2321 4808 2540 4876 (187⁰l1)
2577 4829 2626 4876 p.
2667 4814 2779 4861 111.

890 4885 934 4918 ⁹⁰
989 4882 1233 4931 Larissae
1266 4879 1380 4933 τοῖς
1412 4878 1667 4942 τεχνίταις
1707 4881 1855 4928 sedes
1928 4879 2147 4926 uaedam
2185 4888 2477 4927 reservatae
2515 4890 2664 4929 erant
2699 4879 2929 4943 (Ussing,
2968 4881 3130 4928 Inscr.
3159 4894 3235 4940 gr.
3264 4880 3420 4939 ined.,
3461 4876 3606 4934 1847,
3641 4892 3690 4938 p.
3716 4874 3781 4923 26
3817 4890 3930 4926 n0.:
3973 4872 4070 4939 15).

589 4955 670 5005 Cf.
703 4952 937 5017 τεχνίτας
973 4944 1045 5006 εἷς
1079 4947 1139 4998 Ἰ.
1181 4943 1243 5011 [κ.
1280 4949 1350 4999 Ν.
1386 4945 1451 5012 aa]
1487 4946 1719 5013 Πιερίαν
1754 4894 2135 4998 σιντεῖοῦντας.
2744 4989 2747 4993 ,

888 5018 953 5083 ⁹¹)
989 5016 1336 5079 Sagacissime
1375 5016 1512 5064 enim
1552 5016 1615 5062 de
1655 5013 1983 5078 Dionysiacis
2021 5013 2309 5062 artificibus
2337 5016 2643 5064 Foucartius
2679 5012 2748 5078 (p.
2770 5016 2801 5063 9
2822 5018 2940 5064 adn.
2962 5013 3014 5078 ⁶2)
3049 5012 3314 5073 intellegit
3336 5012 3686 5074 Theophrasti
3710 5009 3957 5074 (charact.
3985 5008 4072 5073 ⁶23)

585 5090 763 5142 verba:
799 5092 883 5138 καὶ
918 5091 1041 5154 περὶ
1072 5084 1178 5136 τῶν
1213 5082 1458 5147 τεχνιτῶν
1491 5080 1597 5131 τῶν
1632 5077 1687 5129 ἐν
1720 5080 1784 5150 τῇ
1817 5076 1999 5144 Ἀσίᾳ,
2043 5076 2128 5131 ὅτι
2159 5074 2396 5144 βελτίους
2434 5075 2530 5131 εἰσὶ
2568 5082 2673 5132 τῶν
2709 5079 2764 5131 ἐν
2795 5082 2861 5153 τῇ
2897 5079 3147 5153 Εὐρώπῃ,
3187 5078 3604 5148 ἀμφισβητῆσαι.
