4550 5734
2303 335 2381 394 22

3662 464 3674 499 1

592 536 666 595 de
713 557 830 615 qua
870 539 928 595 in
973 536 1141 594 titulo
1174 536 1543 595 Pessinuntio
1591 554 1778 594 sermo
1824 546 1909 593 est
1956 536 2108 614 (47),
2154 538 2262 594 hoc
2305 535 2699 595 additamento
2747 557 2872 595 non·
2907 538 3266 597 extolluntur
3310 549 3486 618 atque
3527 541 3587 597 in
3615 540 3800 598 titulis
3832 541 4082 599 Nemau-

590 623 862 679 sensibus
918 618 1023 695 (52
1070 620 1181 691 ab,
1245 616 1404 700 [53])
1461 632 1517 677 et
1565 618 2009 696 Aphrodisiensi
2069 617 2262 700 ([64])
2321 622 2569 678 artifices
2629 618 2747 681 ἀπὸ
2803 626 2912 699 τῆς
2971 622 3328 701 oinct-,nium
3385 634 3927 697 commemorantur,
3985 628 4082 704 qui

590 726 708 763 non
754 706 866 762 sint
910 704 1343 783 peripolisticae
1390 703 1688 763 cuiusdam
1735 703 1963 779 synodi,
2008 705 2146 762 inde
2187 715 2432 782 apparet
2476 705 2611 762 huic
2642 704 2916 762 Muelleri
2958 706 3195 763 invento
3239 726 3355 764 non
3402 707 3648 765 multum
3689 708 3868 765 tribui
3897 728 4082 787 posse.

591 788 766 845 Nunc
808 807 939 845 cum
983 788 1163 845 verba
1209 788 1467 863 genuina
1508 787 1922 844 nonnullarum
1966 789 2412 866 inscriptionum
2456 789 2772 846 restituisse
2816 789 2983 847 nobis
3029 788 3358 857 videamur,
3406 810 3755 867 cognoscere
3796 792 3934 850 licet
3975 794 4083 851 hoc

592 870 1057 930 additamentum
1100 871 1209 928 nisi
1253 872 1313 927 in
1358 872 1440 929 eis
1485 869 1839 948 synodorum
1879 873 2211 930 nominibus
2252 871 2327 929 ad
2389 892 2568 929 unum
2624 872 2891 930 omnibus
2947 892 3063 930 non
3124 875 3387 950 reperiri,
3489 875 3661 933 uibus
3719 878 4082 953 imperatoris

594 975 828 1034 quoque
882 975 1091 1013 nomen
1151 974 1268 1011 non
1329 954 1484 1012 absit
1537 951 1641 1031 (52
1689 953 1754 1012 ir.
1799 954 1875 1011 ab
1923 949 1999 1036 [V.
2032 977 2084 1034 p.
2119 958 2154 1014 5
2183 955 2314 1015 adn.
2352 950 2482 1037 16];
2528 957 2605 1014 53
2655 949 2734 1035 [V.
2757 975 2815 1032 p.
2845 949 2976 1038 ⁶20];
3020 958 3137 1028 583
3188 961 3294 1029 643
3342 962 3418 1018 66
3487 980 3542 1017 v.
3571 979 3623 1036 p.
3647 962 3723 1017 20
3752 959 3883 1016 adn.
3911 955 4085 1039 121];

595 1042 671 1098 69
705 1060 758 1097 v.
793 1042 890 1109 35,
924 1042 1032 1107 753
1069 1042 1173 1110 733
1208 1038 1329 1110 74),
1360 1058 1477 1095 una
1519 1057 1658 1095 vero
1703 1058 1835 1095 cum
1878 1038 2284 1114 Augustorum
2325 1040 2656 1096 nominibus
2693 1040 2998 1097 evanuisse
3026 1036 3165 1119 (473
3195 1043 3318 1114 50).
3373 1041 3509 1115 Qua
3532 1041 3605 1099 de
3635 1062 3812 1100 causa
3841 1042 4082 1100 dubium

592 1142 717 1181 esse
762 1124 862 1180 vix
904 1132 1109 1201 potest,
1154 1123 1292 1198 quin
1340 1122 1522 1180 verba
1568 1118 1686 1181 ἀπὸ
1734 1126 1842 1199 τῆς
1887 1121 2245 1202 οἶκοιχιιένης
2294 1143 2360 1180 eo
2392 1124 2632 1180 consilio
2666 1122 2867 1181 addita
2896 1124 3030 1193 sint,
3075 1133 3140 1180 ut
3167 1127 3443 1203 auspiciis
3473 1128 3881 1203 imperatorum
3909 1146 4083 1184 unam

588 1207 751 1264 illam
793 1206 1083 1284 synodum
1127 1204 1205 1280 (v.
1239 1225 1284 1263 s.
1312 1226 1368 1283 p.
1402 1208 1504 1278 19)
1548 1225 1621 1263 ex
1666 1207 1932 1262 omnibus
1975 1207 2130 1262 orbis
2172 1208 2422 1263 Romani
2465 1207 2784 1264 artificibus
2829 1208 3091 1264 effectam
3136 1226 3262 1264 esse
3310 1208 3679 1287 praedicetur
3699 1210 3828 1285 ¹³⁴).
3917 1210 4084 1267 Haec

590 1292 881 1348 sententia
923 1290 1137 1367 optime
1181 1308 1250 1347 eo
1282 1289 1672 1358 confirmatur,
1716 1289 1871 1365 quod
1914 1288 1981 1350 τὸ
2032 1287 2195 1369 ἱερὸν
2241 1291 2331 1350 ἐπὶ
2373 1284 2608 1367 Ῥώμης
2651 1290 2896 1367 τέμενος
2929 1296 3051 1350 τῶν
3094 1288 3214 1351 ἀπὸ
3248 1298 3358 1370 τῆς
3392 1293 3745 1370 οἰκουμένης
3773 1298 4085 1372 τεχνειτεῦν

590 1373 767 1432 fuisse
799 1373 1180 1450 comperimus
1224 1370 1328 1451 (69
1360 1395 1413 1430 v.
1449 1372 1568 1449 17),
1610 1372 1765 1449 quod
1806 1393 2035 1432 sacrum
2081 1371 2368 1450 quomodo
2399 1375 2572 1432 aliter
2594 1376 2945 1451 accipiamus
2974 1385 3150 1452 atque
3179 1394 3486 1434 commune
3515 1377 3794 1455 templum
3828 1378 4084 1435 omnium

588 1458 743 1516 orbis
789 1458 1037 1515 Romani
1085 1457 1371 1514 artificum
1416 1455 1688 1534 equidem
1734 1477 1848 1513 non
1892 1458 2328 1533 intellegam-³).

892 1541 1185 1617 Deinceps
1229 1539 1342 1599 duo
1387 1541 1648 1617 epitheta
1692 1539 1751 1596 in
1795 1540 2062 1597 sollemni
2108 1539 2461 1597 decernendi
2514 1539 2764 1596 formula
2807 1540 3077 1598 technitis
3119 1540 3341 1599 tributa
3384 1553 3517 1599 suut
3560 1542 4082 1601 commemoranda.

592 1624 666 1682 In
725 1624 994 1681 omnibus
1053 1626 1209 1681 enim
1264 1625 1381 1682 illis
1428 1623 1638 1694 titulis,
1703 1625 1804 1702 qui
1848 1624 2213 1703 imperatoris
2260 1624 2494 1681 nomine
2537 1625 2803 1681 exornati
2845 1625 3141 1698 suatum),
3191 1626 3509 1693 technitae‚
3557 1638 3836 1703 quantum
3867 1625 4084 1684 videre

590 1727 910 1787 possuinUS,
954 1707 1225 1764 dicuntur
1270 1706 1587 1787 ἱερονεῖκαι
1633 1717 2037 1790 suffuratur,
2081 1708 2293 1784 quibus
2339 1706 2642 1764 vocabulis
2685 1707 2918 1766 honoris
2962 1727 3138 1765 causa
3179 1711 3427 1767 artifices
3471 1710 3560 1767 illi
3591 1712 3650 1768 in
3678 1712 3856 1768 sacris
3888 1713 4083 1787 agoni-

597 1795 702 1850 bus
746 1792 820 1849 de
863 1792 1088 1849 coronis
1134 1811 1248 1848 non
1291 1792 1366 1850 de
1408 1792 1681 1870 praemiis
1723 1792 2068 1869 plerumque
2112 1802 2360 1848 certasse
2388 1788 2494 1867 131)
2541 1790 2967 1867 praedicantur.

890 1875 1204 1952 Reliquum
1248 1886 1350 1944 est,
1400 1885 1466 1932 ut
1508 1874 1791 1932 addamus
1838 1875 2109 1933 technitis
2138 1875 2282 1953 ipsis
2315 1876 2373 1931 in
2404 1874 2622 1931 eisdem
2654 1874 2772 1933 illis
2801 1874 2983 1933 titulis
3015 1874 3226 1952 synodi
3269 1884 3334 1931 ut
3366 1877 3447 1932 ita
3475 1875 3664 1933 dicam
3696 1876 4082 1934 Caesarianae

592 1959 1001 2037 synagonistas
1045 1955 1288 2034 adiungi
1316 1957 1442 2037 ¹³3).
1531 1958 1694 2031 Quos
1740 1959 2001 2016 homines
2045 1978 2175 2016 cum
2220 1958 2349 2015 fieri
2391 1978 2508 2015 non
2550 1977 2722 2035 posse
2765 1957 3032 2016 videatur
3076 1968 3139 2015 ut
3183 1957 3411 2016 sodales
3454 1960 3605 2016 alius
3651 1954 3887 2036 collegii
3919 1970 4082 2039 pute-

592 2063 735 2113 mus,
777 2044 826 2099 si
871 2041 1040 2100 modo
1086 2062 1205 2099 una
1246 2043 1357 2100 fuit
1400 2042 1679 2119 synodus,
1727 2040 1969 2099 dubium
2013 2054 2099 2100 est
2142 2062 2216 2099 an
2265 2042 2523 2099 homines
2568 2041 2803 2118 quidam
2847 2041 3076 2112 fuerint,
3121 2044 3221 2119 qui
3269 2044 3392 2100 sive
3422 2042 3496 2100 ob
3527 2043 3804 2101 maiorem
3835 2048 4080 2102 auctori-

590 2135 768 2185 tatem
811 2129 935 2183 sive
983 2159 1052 2169 -—
1105 2123 1161 2182 id
1206 2125 1361 2203 quod
1407 2127 1776 2184 verisimilius
1821 2144 1950 2184 esse
1994 2125 2226 2184 videtur
2273 2158 2343 2169 -
2397 2125 2469 2182 ob
2517 2129 2797 2183 minorem
2841 2145 2957 2183 non
3000 2127 3315 2204 participes
3372 2139 3563 2184 essent
3621 2128 3827 2204 synodi
3887 2129 4080 2206 ipsius,

590 2211 663 2268 In
705 2208 857 2267 ludis
903 2211 1059 2267 enini
1119 2210 1219 2286 qui
1285 2222 1408 2267 tum
1470 2209 1919 2268 celebrabantur
1975 2208 2460 2286 splendidissimis
2514 2219 2745 2286 praeter
2803 2210 3067 2288 proprios
3123 2210 3373 2267 artifices
3436 2209 3694 2267 homines
3754 2211 4083 2269 conditione

588 2294 908 2365 inferiores,
954 2296 1052 2371 qui
1098 2293 1260 2370 digni
1306 2315 1420 2351 non
1468 2293 1809 2351 viderentur
1851 2294 2084 2350 nomine
2126 2293 2535 2363 technitarum,
2578 2292 2871 2351 adhibitos
2915 2312 3038 2349 esse
3081 2293 3534 2351 existimaverim
3560 2294 3686 2367 ¹³⁹).

892 2392 1183 2466 Quoniam
1226 2395 1405 2469 igitur
1453 2414 1525 2452 ex
1571 2392 1779 2470 synodi
1823 2394 2055 2451 nomine
2101 2393 2384 2463 sollemni,
2433 2391 2588 2470 quod
2634 2395 2804 2450 certis
2851 2392 3198 2469 quibusdam
3237 2394 3596 2471 temporibus
3623 2394 4084 2473 constanter¹⁴⁰)

593 2486 936 2557 usurpatum
984 2496 1110 2534 esse
1154 2480 1612 2553 cognoverimus,
1655 2478 1917 2553 sequitur
1965 2478 2342 2534 Foucartium
2407 2495 2480 2534 ex
2523 2478 2723 2554 paucis
2768 2477 2952 2533 titulis
2994 2477 3368 2553 sagacissime
3397 2496 3572 2534 unam
3600 2479 3764 2535 illam
3795 2478 4082 2555 synodum

592 2582 694 2619 suo
739 2563 864 2619 iure
918 2560 1287 2633 enucleasse‚
1341 2560 1629 2638 quomodo
1675 2580 1949 2636 magnum
2010 2561 2322 2635 collegium
2370 2572 2763 2638 comparatum
2809 2561 3010 2631 fuerit,
3066 2561 3398 2618 etiamnunc
3469 2563 3606 2618 satis
3650 2564 3932 2620 incertum
3980 2574 4084 2619 est.

895 2662 1155 2718 Primum
1202 2660 1608 2719 difficillimum
1655 2673 1744 2719 est
1786 2661 1947 2718 dictu
1990 2680 2136 2739 quas
2190 2660 2248 2717 in
2311 2673 2504 2738 partes
2568 2660 2878 2734 collegium
2941 2659 3193 2717 divisum
3250 2660 3438 2720 fuerit.
3524 2661 3678 2718 Nam
3740 2663 3789 2718 si
3849 2662 4086 2739 quidem

594 2744 793 2803 sedem
838 2746 1131 2823 propriam
1175 2746 1431 2802 omnium
1476 2744 1598 2803 fere
1640 2746 2032 2808 technitarum
2078 2745 2254 2802 fuisse
2285 2745 2531 2801 Romam
2565 2745 2666 2801 vix
2697 2756 2886 2821 potest
2913 2746 3061 2802 sumi
3092 2764 3283 2823 neque
3314 2745 3601 2801 technitas
3629 2764 3827 2802 omnes
3856 2764 4085 2821 semper

592 2830 771 2887 fuisse
818 2830 877 2885 in
922 2830 1125 2886 itinere
1170 2829 1487 2886 verisimile
1530 2838 1637 2899 est,
1682 2828 1874 2887 facere
1927 2849 2040 2887 nou
2084 2848 2406 2906 possumuS,
2454 2829 2593 2906 quin
2639 2840 2796 2887 certa
2840 2828 3131 2906 quaedam
3173 2829 3326 2897 loca,
3369 2839 3434 2885 ut
3476 2829 3901 2906 antiquioribus
3944 2839 4082 2886 tem-

592 2913 850 2992 poribuS,
896 2912 1062 2971 sedes
1106 2911 1282 2970 fuisse
1324 2914 1685 2989 singularum
1731 2911 1943 2989 synodi
1989 2912 2241 2989 partium
2285 2912 2610 2989 opinemur.
2700 2914 2830 2970 Hoc
2873 2931 3014 2969 sane
3057 2912 3369 2969 dicendum
3415 2921 3501 2969 est
3545 2911 3769 2969 nullam
3796 2914 4085 2970 artificum

594 2997 931 3054 societatem
980 3015 1188 3053 nomen
1231 2996 1393 3053 urbis
1436 2995 1741 3054 cuiusdam
1785 3016 1887 3053 suo
1934 2996 2150 3053 nomini
2196 2994 2493 3053 addidisse
2539 2997 2646 3053 nisi
2688 2998 3010 3054 Romanam
3055 2996 3240 3073 ipsam
3269 2996 3374 3069 ¹⁴1)
3421 3005 3479 3053 et·
3520 2996 3981 3054 Nemausensem
4025 2996 4086 3053 in

595 3100 664 3139 eo
711 3078 942 3137 decreto
983 3080 1385 3157 antiquissimo
1432 3078 1582 3157 (53),
1628 3077 1785 3157 quod
1830 3080 2075 3137 Traiani
2125 3078 2482 3156 temporibus
2524 3082 2905 3158 compositum
2949 3090 3052 3138 est.
3142 3079 3252 3135 Vel
3300 3080 3477 3156 igitur
3522 3080 3782 3138 consulto
3813 3079 4083 3155 singulae

594 3176 789 3242 partes
832 3163 1045 3241 synodi
1085 3165 1381 3241 proprium
1423 3184 1636 3220 nomen
1680 3164 1927 3221 evitasse
1989 3161 2259 3219 videntur
2312 3172 2368 3219 et
2429 3163 2543 3220 sibi
2597 3182 2805 3221 nomen
2863 3166 3038 3222 totius
3095 3165 3295 3237 magni
3355 3164 3587 3239 collegii
3649 3163 3854 3220 eodem
3913 3163 4083 3219 modo

595 3267 822 3305 sumere
867 3247 1159 3315 maluisse,
1209 3266 1326 3324 quo
1371 3246 1799 3325 antiquioribus
1843 3246 2200 3323 temporibus
2247 3246 2514 3321 singulae
2557 3258 2755 3325 partes
2801 3268 3013 3304 nomen
3055 3250 3165 3305 τοῦ
3213 3252 3437 3306 κοινοῦ.
3529 3247 3658 3304 Ηοο
3702 3248 3918 3325 optime
3948 3245 4084 3303 inde

591 3332 990 3408 cognoscitur,
1058 3329 1215 3407 quod
1272 3332 1331 3388 in
1396 3331 1629 3389 decreto
1689 3326 1793 3409 (69
1840 3352 1892 3390 v.
1938 3326 2136 3407 39ss.)
2196 3341 2328 3408 post
2380 3330 2620 3406 plenum
2679 3330 2889 3408 synodi
2952 3331 3180 3387 titulum
3243 3329 3397 3407 (τοῖς
3453 3329 3572 3391 ἀπὸ
3618 3355 3672 3391 τ.
3721 3333 3812 3390 οἰκ
3820 3374 4079 3388 .....

592 3414 1086 3494 συναγωνιστῶν)
1133 3416 1460 3472 accuratius
1505 3415 1592 3472 illi
1653 3414 2058 3489 significantur
2115 3415 2216 3490 qui
2270 3415 2499 3488 magnis
2560 3414 2832 3492 Ephesiis
2885 3414 3248 3491 prospiciunt
3299 3410 3452 3491 (τοῖς
3497 3408 3944 3494 ἀπ(οτελοῦ]σιν
3988 3414 4080 3474 ἐπὶ

593 3495 699 3558 τὸν
766 3500 827 3560 ἓν
876 3503 953 3580 τῇ
1013 3500 1267 3579 μεγίστῃ
1313 3500 1410 3558 καὶ
1461 3493 1669 3579 πρώτῃ
1714 3491 2134 3579 ,ιιη[τρο]πόλει
2180 3502 2290 3575 τῆς
2323 3496 2670 3569 Ἀσιάς’καὶ
2719 3500 2811 3569 ὸὶς
2857 3494 3136 3578 νεωκόρῳ
3195 3503 3314 3557 τῶν
3356 3493 3740 3579 Σεβα[σΙτῶν
3775 3496 4083 3578 Ἐφεσίων

845 3712 1005 3829 lez
1022 3713 1452 3775 Fricdlaenderus
1496 3710 1871 3778 (Sittengesch.
1914 3711 2073 3760 Roms
2124 3711 2209 3762 11⁶
2237 3730 2286 3776 p.
2311 3710 2400 3775 88)
2445 3708 2554 3761 ἀπὸ
2589 3712 2684 3776 τῆς
2722 3704 3028 3777 οἰκουμένης
3076 3728 3180 3761 non
3233 3714 3360 3762 satis
3408 3712 3562 3776 plane
3609 3714 3757 3761 vertit
3800 3728 3928 3773 „aas
3968 3711 4082 3759 dem

711 3798 739 3812 n
932 3781 943 3791 ·
1037 3784 1067 3807 u
3177 3780 3182 3787 ,

591 3796 803 3848 gamen
896 3797 1106 3911 fiscon
1147 3850 1407 3898 Clereium
1445 3851 1507 3899 ad
1547 3850 1623 3898 tit.
1663 3850 1695 3899 1.

903 3916 985 3981 ¹⁸⁶)
1024 3913 1110 3982 [553
1148 3918 1206 3967 fr.
1244 3917 1338 3975 ab;
1370 3934 1415 3967 v.
1455 3934 1504 3980 p.
1544 3920 1574 3965 ι’)
1612 3912 1864 3981 adu.16];
1916 3915 2005 3974 :373
2061 3913 2179 3981 [66;
2228 3934 2272 3967 v.
2312 3931 2359 3981 p.
2398 3917 2463 3964 ⁶20
2500 3918 2619 3965 adu.
2651 3914 2790 3980 121];
2838 3915 2902 3964 69
2939 3933 2984 3967 v.
3020 3915 3117 3971 38;
3156 3917 3246 3974 733
3285 3916 3365 3967 74.
3440 3914 3674 3974 Quorum
3709 3916 3976 3963 titulorum
4017 3917 4080 3963 ad

595 3985 889 4048 exemplum
926 3987 1058 4033 alios
1096 4000 1302 4046 quoque
1339 3984 1660 4048 supplendos
1698 3999 1812 4033 esse
1849 3994 2080 4048 apparet,
2116 3984 2257 4033 velut
2295 3987 2382 4044 533
2422 3986 2513 4043 383
2551 3984 2615 4033 64
2640 3982 2706 4048 (v.
2730 3982 3170 4047 p.‘.>.0adn.117);
3211 3985 3275 4033 69
3301 4001 3349 4034 v.
3373 3984 3453 4034 77.
3489 4010 3556 4018 —
3589 3984 3688 4033 Ubi
3715 3997 3835 4031 vero
3861 3983 4083 4046 impera·

595 4054 722 4102 toris
766 4068 954 4101 nomen
993 4055 1137 4101 deest
1174 4050 1289 4114 (473
1329 4052 1431 4116 50),
1470 4053 1622 4101 etiam
1661 4054 1764 4100 duo
1801 4051 1893 4100 illa
1929 4053 2157 4115 epitheta
2196 4067 2305 4101 non
2341 4055 2598 4113 leguntur.

908 4118 988 4183 ¹³⁷)
1030 4120 1111 4170 Cf.
1146 4120 1475 4179 Muellerum,
1512 4137 1562 4183 p.
1602 4120 1701 4169 2113
1736 4122 1854 4169 adn.
1895 4122 1944 4169 3.

907 4188 988 4249 Ι311)
1029 4186 1113 4252 [52
1152 4188 1210 4236 fr.
1250 4187 1334 4251 ab]
1377 4186 1642 4253 (nimirum
1682 4202 1744 4235 ea
1780 4203 1911 4250 qnae
1947 4187 2219 4236 Kaibelius
2267 4188 2492 4236 restituit
2540 4203 2572 4235 a
2617 4186 2885 4235 titulorum
2937 4203 3035 4236 usu
3082 4187 3421 4235 abhorrentia
3469 4187 3727 4235 reicienda
3775 4186 3942 4251 sunt);
3990 4187 4082 4247 621;

592 4258 660 4308 69
691 4274 738 4306 v.
764 4260 857 4316 393
896 4252 1025 4321 [66];
1063 4255 1156 4315 733
1194 4255 1277 4305 7-1.
1353 4256 1434 4307 Cf.
1476 4254 1593 4303 soh
1630 4272 1676 4305 v.
1704 4255 1732 4303 7
1773 4254 2142 4321 στεφα]νειτῶν
2175 4274 2217 4321 μ
2254 4293 2266 4304 .
2296 4295 2306 4304 .
2332 4293 2344 4306 .
2383 4256 2562 4305 Locus
2601 4256 2683 4303 hic
2716 4266 2908 4317 monet,
2949 4264 3007 4304 ut
3040 4256 3288 4303 iudicium
3326 4254 3587 4318 proferam
3625 4256 3689 4303 de
3725 4255 4080 4319 inscriptionis

594 4326 757 4373 Teiae
792 4323 903 4388 (21)
948 4323 1127 4383 initio,
1182 4326 1321 4385 quod
1360 4323 1654 4372 Boeckhius
1701 4324 1777 4372 vir
1823 4324 2140 4373 clarissimus
2189 4338 2340 4385 quem
2388 4338 2569 4371 omnes
2608 4324 2770 4373 secuti
2803 4333 2925 4372 sunt
2959 4323 3032 4371 ita
3068 4323 3321 4382 restituit,
3371 4330 3425 4369 ut
3460 4325 3715 4381 cogitaret
3750 4325 3812 4372 de
3850 4322 4078 4382 collegio

595 4393 729 4441 Teio
766 4386 867 4457 ([οἰ
894 4396 1018 4456 περὶ
1060 4391 1157 4441 τὸν
1190 4394 1250 4441 Δ.
1284 4390 1514 4456 τεχνῖται
1561 4384 1616 4440 οἰ
1658 4386 1767 4441 &nd
1809 4388 2022 4445 Ἰωνίας
2066 4385 2159 4440 καί
2191 4385 2612 4455 ‘EM-nondumne]
2657 4394 2744 4440 καὶ
2791 4383 2848 4439 οἱ
2889 4392 3092 4440 τούτων
3139 4386 3592 4456 συναγωνῂοταίὶ).
3674 4391 3905 4439 Tametsi
3957 4406 4082 4439 vero

595 4460 901 4509 sodalicium
939 4460 1125 4508 Teium
1160 4460 1535 4523 imperatorum
1572 4468 1741 4508 aetate
1778 4475 1883 4507 non
1922 4458 2078 4523 plane
2117 4461 2386 4507 evanuisse
2424 4459 2728 4519 videbimus,
2764 4467 2992 4507 attamen
3030 4458 3275 4506 hocloco
3300 4456 3575 4508 formulam
3600 4473 3754 4522 quam
3781 4467 4082 4511 tractamus.

594 4529 966 4578 restituendam
1005 4542 1145 4587 esse,
1181 4542 1250 4575 ex
1288 4528 1361 4576 eis
1400 4543 1532 4590 quae
1569 4528 1865 4576 etiamnunc
1901 4529 2141 4585 legantur
2177 4527 2473 4590 apparebit,
2514 4526 2820 4591 praesertim
2858 4541 2972 4574 cum
3010 4540 3074 4573 ne
3109 4527 3482 4589 imperatorum
3520 4529 3727 4589 quidem
3764 4526 4080 4589 temporibus

596 4598 650 4644 in
688 4597 908 4646 decretis
947 4596 1191 4660 propriae
1227 4596 1388 4643 Teiae
1425 4594 1614 4659 synodi
1650 4596 1972 4658 reperiantur
2010 4588 2067 4644 οἱ
2093 4595 2297 4645 τούτων
2331 4595 2722 4661 συναγωνισταί.
2797 4594 2944 4652 Quae
2990 4595 3030 4642 si
3084 4603 3221 4642 recte
3260 4595 3659 4657 disputavimus,
3709 4594 3941 4655 sequitur
3976 4592 4082 4640 illis

597 4662 920 4727 temporibus
958 4664 1112 4712 etiam
1151 4663 1248 4711 Tei
1286 4678 1528 4724 magnam
1576 4663 1721 4711 illam
1759 4664 2043 4711 Caesarum
2093 4664 2350 4727 synodum
2396 4664 2578 4727 egisse.
2634 4688 2698 4699 -
2752 4663 2815 4711 In
2864 4661 2940 4709 tit.
2981 4661 3043 4709 47
3082 4670 3133 4709 et
3168 4662 3254 4722 50,
3312 4676 3414 4724 qua
3459 4673 3580 4712 sunt
3623 4660 3825 4711 ratione
3877 4659 4084 4709 dicendi

597 4730 663 4795 (v.
704 4734 825 4782 adn.
859 4730 994 4793 136),
1032 4733 1177 4779 deest
1213 4746 1405 4780 nomen
1442 4732 1919 4795 synagonistarum.
2154 4779 2158 4783 .

906 4798 991 4864 ιω)
1030 4798 1229 4861 Aliqua
1264 4815 1330 4848 ex
1364 4808 1513 4863 parte
1548 4800 1927 4863 synagonistae
1965 4798 2149 4859 tragici
2187 4797 2438 4846 Teiorum
2476 4798 2771 4860 comparari
2808 4806 3029 4859 possunt
3067 4794 3132 4861 (v.
3171 4813 3218 4860 p.
3263 4796 3362 4862 11).

906 4867 988 4929 ¹⁴⁰)
1022 4865 1055 4931 ἦ
1095 4861 1210 4935 ἱεροὶ
1245 4862 1506 4932 θυμελική
1545 4861 1967 4932 (περιπολιστική
2005 4860 2206 4932 μεγάλη
2242 4863 2515 4933 νεοκόρος)
2551 4859 2774 4919 σύνοδος
2806 4863 2912 4913 τῶν
2945 4860 3054 4914 ἀπὸ
3093 4863 3188 4929 τῆς
3225 4858 3535 4930 οἰκουμένης
3569 4866 3689 4929 περὶ
3706 4862 3802 4912 τὸν
3824 4862 4087 4914 Διόνυσον

594 4940 683 4984 καὶ
719 4930 1106 5002 Αὖτοκράτορα
1143 4973 1155 4985 .
1183 4972 1193 4983 .
1220 4973 1230 4982 .
1268 4936 1521 5000 Καίσαρα
1558 4934 1831 4994 Σεμάστόν
1866 4936 2111 4999 τεχνιτῶν
2143 4927 2444 5000 ιἐρονεικῶν
2480 4930 2829 5000 στεφανειτῶν
2860 4935 2946 4979 καὶ
2978 4932 3084 4982 τῶν
3115 4932 3321 4983 τούτων
3357 4929 3762 4999 συναγωνιστῶν.

908 5000 990 5067 111)
1025 5004 1091 5051 69
1114 5020 1160 5052 v.
1188 5004 1279 5055 24:
1324 4996 1381 5052 οἱ
1412 4999 1497 5052 ἐπὶ
1522 5001 1741 5067 “Ριύμης
1759 5004 2043 5066 τεχνεῖταις
2083 5019 2126 5052 ν.
2154 5002 2245 5053 68ζ
2278 5004 2417 5069 πρὸς
2454 5004 2551 5066 τήν
2588 4999 2642 5051 ἐν
2670 4999 2752 5049 ‘P.
2782 4995 3030 5059 σύνοδονς
3069 5003 3222 5050 etiam
3263 5002 3313 5049 in
3354 4998 3577 5048 formula
3612 4997 3857 5047 sollemni
3895 4998 4082 5059 legitur

596 5088 643 5123 v.
665 5071 811 5121 74s.:
854 5070 1103 5137 ψήφισμα
1136 5071 1228 5136 τῆς
1266 5108 1275 5118 .
1302 5109 1314 5121 .
1341 5110 1353 5122 .
1393 5067 1577 5121 inz‘P.
1602 5063 1851 5129 συνόδους
1887 5069 1946 5117 71
1978 5086 2023 5120 v.
2049 5071 2136 5119 2⁶2:
2178 5111 2187 5121 .
2214 5108 2224 5119 .
2248 5109 2259 5120 .
2295 5067 2476 5121 irti‘P.
2504 5063 2745 5120 συνόδου.
2767 5095 2832 5104 -
2853 5069 2933 5121 Cf.
2957 5070 3021 5115 56
3041 5086 3084 5119 v.
3109 5070 3140 5117 6
3177 5068 3249 5133 (in
3275 5071 3347 5119 tit.
3375 5063 3662 5129 Nemaus.):
3706 5063 3859 5118 iv‘P.
3888 5062 4003 5133 ἱεροὶ
4038 5081 4083 5114 σ.
