4550 5734
818 1346 1027 1480 De
1118 1344 1705 1523 collegiis
1792 1344 2518 1482 artificum
2607 1344 3764 1521 Dionysiacorum.

2152 1670 2420 1754 Scripsit

1702 1858 2361 1921 Franciscus
2420 1856 2884 1921 Poland„

842 2162 1134 2237 Quoniam
1179 2164 1321 2222 mihi
1363 2174 1453 2222 est-
1494 2165 1553 2222 in
1601 2165 1793 2221 animo
1836 2166 1896 2222 in
1940 2185 2119 2223 unum
2167 2165 2455 2235 conferre,
2523 2182 2929 2242 quaecumque
2987 2161 3062 2219 de
3109 2163 3287 2219 variis
3345 2159 3703 2221 Graecorum
3744 2161 4037 2222 sodaliciis

541 2268 673 2307 cum
733 2268 808 2307 ex
863 2247 1242 2325 scriptoribus
1284 2259 1406 2305 tum
1452 2268 1527 2305 ex
1568 2248 1755 2306 titulis
1798 2247 2059 2327 depromi
2104 2263 2366 2329 possunt,
2421 2251 2530 2307 hoc
2573 2249 2716 2319 1000,
2768 2267 2842 2305 ne
2885 2246 3133 2324 spatium
3189 2245 3332 2302 mihi
3365 2264 3712 2303 concessum
3755 2247 4033 2306 excedam

544 2352 693 2389 neve
739 2330 1005 2388 libellum
1049 2333 1229 2388 nimia
1274 2331 1570 2407 farragine
1613 2332 1868 2389 locorum
1915 2333 2175 2410 undique
2218 2334 2560 2392 collatorum
2606 2350 2861 2399 onerem,
2907 2332 2965 2387 in
2998 2349 3128 2387 eam
3159 2338 3386 2407 partem
3415 2330 3593 2387 totius
3629 2331 3714 2387 rei
3743 2330 4036 2408 inquirere

543 2416 834 2483 constitui,
892 2434 1043 2492 quae
1088 2414 1244 2472 haud
1289 2416 1469 2473 semel
1512 2426 1761 2473 tractata
1803 2426 1909 2474 est.
1986 2417 2294 2474 Artificum
2339 2418 2491 2474 enim
2537 2416 3015 2492 Dionysiacorum
3064 2412 3328 2489 collegiis
3377 2413 3792 2489 cognoscendis
3836 2434 4036 2492 quam-

544 2519 719 2577 quam
773 2499 870 2555 vel
931 2500 1290 2574 sagacissimi
1332 2500 1442 2555 viri
1487 2498 1643 2556 docti
1683 2518 1915 2578 operam
1963 2498 2251 2559 dederunt
2272 2500 2335 2577 ¹),
2381 2512 2572 2559 tamen
2618 2519 2748 2556 cum
2781 2498 3062 2556 Albertus
3089 2496 3362 2572 Mueller,
3405 2497 3507 2574 qui
3543 2495 3856 2573 diligenter
3884 2500 4036 2557 hanc

544 2602 664 2640 rem
713 2601 899 2661 nuper
940 2584 1229 2651 tractavit,
1276 2581 1427 2640 haud
1474 2602 1689 2661 paucas
1733 2585 2140 2661 inscriptiones
2187 2595 2318 2661 post
2358 2585 2537 2663 ipsius
2581 2582 3029 2661 disputationem
3075 2582 3342 2638 inventas
3389 2599 3606 2657 easque
3660 2582 4034 2656 gravissimas

544 2665 822 2724 adhibere
848 2686 965 2723 non
999 2668 1267 2743 potuerit,
1315 2685 1384 2723 eo
1426 2669 1612 2742 tnagis
1654 2666 1846 2725 denuo
1892 2666 2123 2724 videtur
2166 2688 2292 2726 esse
2331 2665 2762 2745 exponendum,
2809 2663 3099 2743 quomodo
3128 2664 3379 2739 collegia
3406 2664 3694 2722 artificum
3728 2665 4036 2743 Dionysia-

543 2769 739 2807 corum
785 2762 913 2807 orta
956 2756 1070 2807 sint
1113 2761 1290 2828 atque
1333 2751 1645 2825 viguerint,
1689 2770 1804 2828 quo
1849 2752 2081 2828 planius
2123 2761 2226 2821 est,
2269 2752 2475 2829 quanti
2518 2751 2627 2807 hae
2673 2749 2909 2828 quidem
2953 2747 3289 2806 sodalitates
3331 2748 3450 2805 sint
3490 2746 3813 2810 faciendae.
3898 2751 4036 2808 Huc

540 2831 780 2903 accedit,
828 2844 889 2890 ut
936 2834 1250 2892 nonnullas
1293 2853 1384 2890 res
1428 2853 1533 2891 nos
1580 2854 1710 2891 eam
1756 2833 1831 2891 ob
1876 2854 2110 2892 causam
2157 2836 2354 2913 paullo
2397 2835 2726 2892 accuratius
2770 2833 3068 2911 explicare
3108 2850 3278 2910 posse
3323 2831 3490 2888 nobis
3523 2830 3843 2905 videamur,
3878 2834 4034 2912 quod

542 2918 599 2974 in
644 2918 761 2974 alia
803 2935 1033 2995 quoque
1078 2916 1359 2975 sodalicia
1402 2918 1760 2976 Graecorum
1802 2917 1995 2975 denuo
2039 2920 2463 2996 inquisivimus,

839 3001 1146 3080 Proprium
1202 3000 1485 3057 artificum
1548 3001 1805 3079 ipsorum
1866 3012 1954 3059 est
2013 3023 2223 3060 nomen
2287 3001 2698 3062 technitarum.
2790 2995 2963 3071 Quod
3018 3017 3372 3077 quamquam
3435 2999 3637 3073 negari
3681 3018 3795 3057 non
3839 3015 4036 3078 pot-est

542 3083 920 3142 histrionibus
964 3086 1328 3161 potissimum
1370 3084 1619 3141 inditum
1664 3103 1807 3156 esse,
1868 3087 1918 3142 si
1962 3084 2198 3164 quidem
2253 3086 2740 3143 verisimillimum
2788 3095 2876 3140 est
2930 3102 3005 3140 ex
3059 3082 3402 3141 histrionum
3461 3083 3742 3157 gregibus
3785 3084 4038 3161 collegia

539 3168 639 3224 illa
712 3187 837 3225 esse
881 3178 1022 3237 orta,
1087 3178 1343 3225 attamen
1390 3166 1747 3225 Luedersius
1793 3182 1855 3247 (p
1920 3168 2044 3246 58),
2092 3189 2265 3247 quem
2315 3170 2635 3227 Muellerus
2688 3170 2770 3247 (p.
2819 3169 2937 3226 392
2994 3164 3128 3224 adn.
3174 3169 3242 3228 3)
3283 3177 3371 3223 est
3424 3176 3679 3234 secutuS,
3739 3185 3860 3224 rem
3919 3188 4033 3225 non

540 3253 679 3308 satis
726 3262 882 3308 recte
928 3252 1009 3308 ita
1051 3249 1270 3317 definit,
1314 3264 1377 3309 ut
1421 3250 1577 3308 dicat
1619 3251 1745 3309 loco
1791 3254 2064 3310 vocabuli
2108 3248 2442 3331 ὑποκριτής
2500 3255 2557 3311 in
2605 3273 2770 3310 usum
2814 3252 3045 3309 venisse
3089 3248 3235 3307 illud
3279 3250 3565 3328 τεχνίτης.
3653 3250 3837 3308 Recte
3879 3253 4032 3309 enim

547 3336 890 3391 Foucartius
935 3334 1018 3412 (p.
1068 3333 1130 3413 6)
1176 3337 1401 3393 monuit
1445 3335 1559 3392 iam
1604 3334 1741 3393 inde
1784 3335 1859 3393 ab
1903 3338 2067 3394 initio
2112 3357 2226 3394 non
2274 3348 2500 3395 actores
2546 3338 2732 3407 mod0,
2798 3334 2897 3393 sed
2944 3335 3116 3392 etiam
3181 3344 3381 3411 poetas
3436 3344 3494 3389 et
3555 3334 3803 3391 musicos
3857 3345 4036 3413 atque

539 3438 740 3476 omnes
783 3417 1137 3496 quicumque
1174 3419 1385 3476 Bacchi
1428 3420 1587 3476 festis
1627 3420 1993 3487 inservirent,
2038 3422 2097 3477 in
2144 3440 2355 3499 corpus
2401 3432 2743 3518 perpetu-um
2782 3440 2843 3477 se
2887 3418 3351 3492 congregavisse.
3423 3416 3502 3472 Et
3527 3418 3824 3495 proprium
3854 3418 4033 3496 quod-

541 3501 674 3559 dam
739 3502 1035 3559 hominum
1103 3522 1289 3577 genus
1344 3503 1444 3559 illo
1502 3504 1734 3561 nomine
1787 3505 2076 3581 appellari
2128 3505 2324 3562 verbis
2375 3505 2494 3561 illis
2535 3505 2848 3562 notissimis
2889 3501 3240 3567 AristoteliS,
3286 3501 3389 3578 qui
3439 3501 3686 3577 primam
3748 3503 4033 3562 artificum

540 3587 769 3643 illorum
815 3584 1109 3642 notionem
1155 3585 1412 3653 exhibet,
1479 3586 1925 3656 demonstratur,
1982 3606 2116 3645 cum
2160 3590 2375 3646 evitato
2429 3598 2689 3646 actorum
2744 3588 2977 3645 nomine
3031 3586 3266 3663 proprio
3319 3583 3476 3641 dicat
3514 3583 3751 3659 (rhetor.
3796 3589 3850 3657 3,
3895 3590 3929 3645 2
3973 3607 4033 3665 p.

548 3673 702 3729 1405
736 3689 769 3725 a
814 3668 948 3745 23).
991 3673 1089 3728 καὶ
1125 3662 1156 3728 ὅ
1190 3670 1302 3746 μὲι
1328 3666 1715 3730 Διοιισοκό)
1723 3694 1892 3742 anag,
1939 3669 2015 3730 αι’·
2022 3673 2108 3731 τοὶ
2156 3669 2215 3731 δ’
2255 3666 2479 3743 αὐτοῖς
2509 3673 2778 3750 τεχνίτας
2802 3673 2916 3731 καὶ
2924 3672 3109 3729 οῖ’-σιν
3139 3673 3334 3729 ταῦτα
3365 3666 3422 3727 δ’
3462 3664 3653 3749 ι”ιιιτμυ
3683 3669 4032 3750 μεταφοοά,

543 3778 573 3831 r
606 3753 719 3830 μὲν
748 3747 1185 3833 ριπαινόντων,
1232 3748 1264 3831 7‘
1300 3753 1365 3813 δὲ
1397 3752 1768 3813 roi-Quartae»
1858 3754 2069 3833 Neque
2115 3756 2296 3831 igitur
2337 3757 2614 3813 miremur
2657 3757 2714 3813 in
2761 3766 2846 3813 tot
2877 3773 3045 3850 quae
3070 3753 3426 3810 innotuerint
3454 3753 3738 3809 artificum
3771 3754 4034 3830 collegiis

541 3856 733 3914 neque
776 3836 957 3893 ullum
1004 3856 1172 3913 posse
1218 3837 1489 3911 inveniri,
1534 3837 1689 3914 quod
1735 3857 1809 3894 ex
1846 3838 2221 3897 histrionibus
2263 3851 2486 3897 tantum
2518 3849 2756 3910 constet,
2800 3839 3000 3895 etiam
3032 3839 3089 3893 in
3119 3837 3288 3894 titulo
3312 3835 3398 3910 (1)
3441 3834 3830 3913 antiquissimi
3873 3838 4030 3915 quod

542 3923 803 3977 novimus
858 3920 1093 3995 collegii
1148 3922 1299 3978 inter
1357 3920 1503 3977 duos
1560 3924 1781 3993 legatos
1851 3935 2078 3999 poetam
2132 3924 2324 3980 afferri
2382 3925 2680 3999 tragicum.
2780 3920 2950 3995 Quod
3005 3931 3198 3977 autem
3251 3920 3437 3977 titulis
3487 3920 3673 3994 magis
3723 3923 4029 3999 magisque

542 4003 819 4061 docemur
836 4002 887 4072 ²)
944 4004 1031 4061 bis
1075 4003 1488 4081 posterioribus
1532 4006 1889 4082 temporibus
1931 4026 2209 4063 novarum
2257 4004 2532 4083 (καινῶν)
2583 4005 2914 4064 fabularum
2959 4004 3188 4062 nullum
3231 4023 3419 4079 genus
3464 4006 3793 4071 evanuisse,
3845 4006 3925 4062 ita
3967 4016 4033 4062 ut

546 4087 723 4143 etiam
772 4089 1057 4163 satyricae
1102 4108 1289 4145 novae
1334 4088 1518 4166 primo
1563 4108 1613 4145 a.
1645 4086 1781 4145 Chr
1814 4109 1871 4147 n.
1902 4092 2136 4148 saeculo
2180 4088 2576 4167 agerentur³)
2625 4088 2684 4146 id
2726 4090 2944 4167 optime
2987 4088 3061 4145 ad
3092 4088 3436 4145 sententiam
3479 4096 3730 4144 nostram
3762 4088 4028 4165 quadrat.

548 4168 669 4225 Etsi
720 4170 899 4243 igitur
952 4171 1340 4228 concedamus
1401 4190 1638 4228 necesse
1682 4182 1772 4228 est.
1835 4172 2162 4245 histriones,
2222 4175 2442 4252 quippe
2486 4176 2585 4251 qui
2641 4174 2780 4231 satis
2824 4174 2993 4231 multi
3049 4173 3106 4229 in
3149 4171 3436 4229 artificum
3482 4170 3747 4247 collegiis
3793 4172 4024 4243 fuerint,

540 4254 675 4308 item
725 4262 787 4307 ut.
828 4254 971 4310 alios
1020 4253 1174 4313 haud
1219 4275 1346 4312 raro
1389 4256 1675 4312 technitas
1720 4274 1849 4312 esse
1893 4255 2105 4328 dictos,
2166 4268 2324 4315 certe
2367 4277 2482 4314 vox
2527 4252 2856 4334 ι·ποκριταί
2891 4257 2950 4314 in
2993 4276 3103 4314 usu
3148 4254 3446 4326 manebat,
3500 4273 3633 4311 cum
3634 4218 3747 4311 ode
3791 4260 4027 4333 propria

540 4335 880 4392 histrionum
923 4350 1046 4395 arte
1091 4351 1215 4398 erat
1257 4337 1579 4397 dicendum
1672 4338 1897 4411 Quodsi
1942 4342 2299 4418 quaerimuS,
2344 4361 2458 4418 quo
2509 4342 2781 4398 consilio
2793 4340 3042 4417 collegia
3081 4340 3186 4397 illa
3230 4358 3441 4396 nomen
3482 4337 3869 4395 technitarum
3915 4336 4040 4398 sibi'

538 4420 987 4496 assumpserint,
1041 4442 1115 4480 ex
1167 4423 1364 4481 verbis
1408 4422 1774 4489 Aristoteli5‚
1835 4443 1985 4500 qnae
2029 4423 2202 4483 modo
2262 4424 2590 4495 attulimu8‚
2637 4425 2768 4481 elici
2813 4435 3004 4503 potest
3057 4424 3205 4481 hanc
3249 4421 3480 4479 dicendi
3526 4423 3803 4479 rationem
3849 4424 4027 4482 fnisse

537 4504 898 4562 sollemniter
939 4523 999 4561 se
1043 4507 1397 4564 iactantium.
1486 4507 1654 4580 Quae
1700 4525 1792 4563 res
1833 4508 2202 4565 confirmatur
2244 4529 2353 4566 usu
2399 4509 2632 4567 illorum
2679 4510 3057 4587 scriptorum,
3101 4527 3136 4563 a
3179 4506 3392 4584 quihus
3435 4504 3727 4563 teclinitae
3771 4508 4021 4585 primurn

842 4688 879 4751 ¹)
916 4689 1047 4736 Tres
1100 4690 1193 4737 viri
1248 4689 1540 4741 doctissimi
1594 4697 1758 4737 totam
1813 4702 1919 4735 rom
1975 4698 2350 4740 tractaverunt:
2406 4690 2531 4740 Otto
2591 4692 2848 4747 Lucders,
2903 4687 2997 4737 me
3046 4688 3248 4750 dionys.
3291 4685 3559 4747 Ix't'instler,
3609 4688 3767 4745 18733
3831 4691 4023 4740 Paulus
4055 4678 4406 4759 &taff-3⁰1

539 4757 781 4813 Foacart‚
818 4756 899 4805 De
940 4757 1176 4812 collegiis
1213 4758 1539 4805 scenicorum
1578 4756 1831 4804 artificum
1870 4758 2007 4819 apud
2043 4753 2297 4817 Graecos,
2329 4758 2487 4807 1833:
2528 4760 2774 4806 Albertus
2811 4756 3052 4811 Mueller,
3098 4754 3278 4806 Lehrb.
3313 4754 3363 4805 d.
3401 4753 3600 4821 griech.
3640 4753 4024 4806 Bahneuauer-
4056 4778 4070 4809 ι
4099 4772 4126 4809 2,
4149 4798 4162 4815 ι
4337 4772 4348 4781 ·

540 4821 757 4881 thfimer,
797 4826 942 4883 1886,
980 4826 1008 4885 ξ
1046 4825 1126 4879 26
1163 4841 1210 4886 p.
1248 4826 1347 4873 392
1369 4841 1434 4873 ss
1518 4825 1598 4873 Cf.
1640 4823 1774 4871 alios
1813 4824 1971 4872 libros
2014 4826 2150 4872 haud
2189 4829 2515 4887 spernendae
2548 4824 3156 4875 ‹loctrinacaMuellero
3197 4842 3247 4888 p.
3280 4824 3381 4872 392
3417 4825 3542 4873 adn.
3576 4823 3608 4872 ‘2
3645 4825 3852 4881 allatos,
3889 4827 4024 4875 inter

536 4907 668 4953 quos
700 4892 911 4941 Aemilii
944 4894 1129 4941 Reisch
1173 4894 1250 4939 De
1288 4893 1496 4940 musicis
1541 4889 1863 4963 Graecorum
1908 4893 2275 4941 certaminibus
2316 4895 2488 4956 capita
2534 4904 2797 4956 «liranum,
2839 4893 2986 4950 1881»,
3039 4894 3266 4941 maxime
3303 4892 3568 4940 laudanda
3608 4906 3722 4940 esse
3764 4894 4021 4943 videntur.

834 4959 876 5023 ²)
914 4962 991 5010 Cf.
1040 4977 1082 5010 e.
1135 4975 1210 5017 nr.
1264 4960 1477 5007 nomina
1523 4971 1795 5022 poetarum
1847 4960 2164 5017 tragicorum
2221 4978 2250 5007 a
2314 4962 2632 5010 Susemihlio
2689 4959 2900 5022 (Gesch.
2939 4959 2990 5010 d.
3028 4976 3113 5027 gr.
3158 4959 3278 5011 Lin.
3333 4959 3386 5006 ἔτι
3435 4957 3486 5007 d.
3527 4957 4020 5009 Alexandrinas-eit

538 5027 560 5074 1
598 5043 648 5089 p.
689 5024 805 5091 283)
838 5027 1457 5160 εξε)ο]1(ὲ(·ιειζ1ΙεῗΑιιιῙιῖιΙιιχῐιιιῐιι
1478 5038 1850 5144 (psuspcctum
1890 5043 2043 5091 quern
2083 5030 2224 5077 dedit
2259 5027 2628 5078 andersius
2613 5048 2681 5092 kp.
2725 5030 2814 5077 1⁰1
2839 5034 2948 5093 ss..)

917 5100 957 5146 C
1393 5112 1425 5159 p
1556 5112 1580 5143 s

3653 5193 3712 5244 1*
