4550 5734
2341 316 2416 375 12

2118 401 2624 409 ——-——-—-

616 517 906 598 quendam
948 518 1141 575 'lcum
1184 517 1364 588 misit,
1411 516 1511 593 qui
1555 518 1613 573 in
1660 536 1780 574 rem
1824 518 2158 595 inquireret.
2249 517 2398 577 Cum
2443 528 2638 576 autern
2683 519 2778 576 hic
2820 518 3234 579 adiuvantibus
3298 522 3477 579 ternis
3529 523 3668 580 vitis
3725 541 3798 581 ex
3858 534 4104 601 utraque

617 614 782 682 parte
825 602 1030 659 creatis
1076 601 1339 657 libellum
1369 599 1724 669 confecisset,
1772 619 1945 677 quem
1975 600 2048 659 ad
2096 621 2292 701 regem
2327 601 2551 672 detulit,
2595 604 2891 660 Eumenes
2934 603 3235 663 arbitrium
3270 605 3395 662 fieri
3443 606 3609 663 iussit
3635 606 3788 664 inter
3829 619 4104 684 utresque

619 685 1006 763 (κοινοὸίκιον
1067 683 1272 743 ACol
1312 680 1433 760 11),
1493 685 1592 760 qui
1636 683 1747 740 nisi
1809 690 2181 767 συνοικισμιῖ·
2225 706 2341 743 non
2408 687 2560 742 inter
2621 706 2683 743 se
2736 687 3028 744 coniuncti
3090 707 3218 745 esse
3268 689 3625 766 putabantur
3687 689 4100 763 (ACol.111).

618 768 765 829 Inde
807 778 1080 846 apparet,
1143 766 1199 824 id
1244 767 1399 844 qued
1454 768 1569 823 iam
1615 787 1690 825 ex
1738 767 2077 825 Aetolorum
2137 779 2195 826 et
2239 769 2602 846 Delphorum
2657 769 2775 826 illis
2818 769 3064 828 decretis
3120 783 3306 849 patet,
3361 772 3746 830 technitarum
3790 774 4102 850 collegium

618 854 694 911 ab
736 854 861 930 ipsa
903 852 1136 910 civitate
1180 851 1355 929 plane
1398 851 1721 908 seiunctum
1768 851 1966 910 fuisse.
2055 851 2426 929 Quamquam
2471 864 2666 909 autem
2690 853 2870 910 Teios
2914 854 3099 912 iussos
3146 873 3272 913 esse
3312 855 3584 913 technitis
3627 855 3835 914 cedere
3878 876 3954 914 ex
3995 857 4106 915 hec

616 937 785 995 titulo
830 955 1180 1011 cognoscere
1224 934 1386 1004 licet,
1446 955 1559 991 non
1605 935 1795 991 minus
1838 944 2059 991 certum
2102 949 2192 993 est
2244 955 2441 1012 regem
2487 935 2717 993 illorum
2770 957 2862 993 res
2910 937 2991 994 ita
3034 958 3107 994 ex
3151 958 3261 995 sua
3302 939 3602 997 voluntate
3647 940 3992 1011 instituisse,
4039 949 4105 997 ut

617 1021 918 1079 occasione
962 1023 1099 1075 data
1141 1018 1316 1075 etiam
1360 1019 1548 1075 minas
1594 1019 1847 1087 iactaret,
1894 1017 2064 1075 modo
2098 1039 2170 1076 ne
2213 1018 2502 1076 discordia
2522 1019 2640 1089 illa,
2687 1039 2839 1097 quae
2883 1022 3059 1078 rebus
3089 1019 3302 1079 divinis
3345 1022 3558 1079 damno
3588 1032 3760 1094 esset,
3802 1023 4104 1081 tolleretur

617 1106 699 1175 (A
721 1102 849 1161 Col.
892 1103 960 1177 1).
1045 1102 1259 1179 Neque
1315 1120 1453 1158 vere
1497 1101 1710 1171 selum,
1765 1102 1919 1178 qued
1963 1101 2038 1158 ad
2086 1103 2397 1199 privilegia
2440 1104 2676 1173 attinet,
2732 1104 3116 1162 technitarum
3174 1105 3518 1163 sodalicium
3570 1107 3746 1183 plane
3787 1126 3824 1163 a
3864 1106 4104 1184 regibus

617 1185 1084 1285 gubernabatur,
1145 1184 1246 1242 sed
1305 1187 1476 1243 etiam
1531 1186 1647 1242 alie
1690 1183 1861 1242 medo
1917 1185 1976 1241 id
2020 1185 2255 1261 regibus
2317 1186 2691 1243 inservivisse
2749 1208 2821 1244 ex
2867 1189 3048 1245 titulis
3104 1188 3220 1246 illis
3265 1189 3507 1266 planum
3559 1199 3672 1260 est,
3742 1189 3956 1267 quibus
4000 1191 4102 1247 illo

616 1274 741 1350 ipse
787 1271 1050 1327 Eumene
1094 1278 1377 1345 regnante
1429 1270 1671 1347 eiusque
1724 1268 2156 1326 successoribus
2199 1268 2511 1326 Cratonem
2570 1270 2824 1327 auletam
2878 1272 3260 1330 clarissimum
3320 1282 3497 1350 atque
3558 1273 3798 1349 regibus
3846 1275 4102 1332 maxime

616 1364 917 1431 acceptum
954 1354 1192 1411 summis
1220 1353 1535 1410 honeribus
1564 1353 1778 1410 elatum
1806 1371 1934 1410 esse
1962 1350 2252 1411 docemur.
2300 1352 2432 1425 Qua
2462 1351 2534 1424 de
2565 1372 2628 1410 re
2654 1373 2784 1410 cum
2817 1353 3170 1414 Luedersius
3197 1355 3528 1414 doctissime
3558 1359 3745 1432 egerit
3772 1357 3852 1434 (p.
3886 1360 3962 1415 75
3980 1357 4103 1433 ss.)‚

621 1441 726 1497 hoc
791 1438 915 1495 loco
983 1436 1042 1495 id
1110 1456 1289 1493 unum
1361 1435 1711 1494 monendum
1791 1447 1877 1492 est
1936 1436 2208 1511 Pergami
2287 1435 2527 1511 regibus
2600 1456 2635 1493 a
2693 1437 2965 1494 technitis
3023 1437 3249 1497 divinos
3310 1438 3589 1517 quosdam
3648 1440 3894 1498 houeres
3974 1460 4104 1499 esse

618 1541 937 1580 concessos,
1028 1521 1238 1599 Itaque
1281 1541 1397 1577 non
1440 1521 1625 1577 selum
1667 1520 1715 1576 is
1752 1520 1850 1597 qui
1894 1518 1970 1576 ab
2002 1520 2119 1577 illis
2165 1517 2435 1577 laudibus
2476 1520 2726 1578 afficitur
2767 1522 2961 1579 emnia
3002 1532 3060 1579 et
3103 1524 3163 1579 in
3194 1523 3471 1581 honorem
3517 1523 3752 1581 deorum
3800 1533 3859 1581 et
3900 1543 4104 1600 regum

615 1607 820 1663 fecisse
877 1604 1088 1663 dicitur
1141 1602 1243 1680 (11
1284 1624 1337 1660 v.
1382 1609 1485 1674 13,
1549 1607 1659 1675 323
1716 1609 1791 1662 13
1829 1623 1883 1660 v.
1929 1604 2022 1679 7),
2093 1602 2195 1661 sed
2270 1604 2624 1679 agonotheta
2677 1624 2714 1661 a
2776 1605 3047 1663 technitis
3126 1616 3355 1664 creatus
3424 1606 3580 1665 idem
3642 1616 3769 1665 erat
3837 1606 4104 1665 sacerdes

618 1690 896 1747 Eumenis
956 1689 1134 1764 regiS‚
1206 1697 1264 1744 et
1325 1688 1462 1745 dum
1537 1687 1638 1744 ille
1697 1685 1933 1744 vivebat
1993 1689 2100 1761 (12
2138 1708 2194 1747 v.
2247 1690 2312 1758 2,
2378 1689 2482 1761 17)
2545 1698 2603 1744 et
2664 1698 2794 1764 pest
2847 1689 2972 1746 eius
3039 1703 3283 1748 mertem
3339 1688 3492 1769 (15).
3599 1690 3758 1747 Huic
3819 1692 4103 1768 imprimis

617 1774 984 1831 commissum
1030 1782 1181 1841 erat,
1240 1781 1306 1828 ut
1347 1770 1499 1828 diem
1544 1772 1755 1828 festum
1810 1770 1937 1846 regi
1982 1770 2400 1827 celebrandum
2455 1769 2908 1840 administraret,
2973 1793 3104 1830 cum
3150 1794 3397 1852 pompae
3448 1773 3860 1851 praeessetffl).
3949 1774 4103 1832 Satis

616 1876 754 1915 vere
796 1856 1076 1914 memoria
1119 1854 1359 1931 dignum
1405 1865 1495 1911 est
1540 1855 1805 1911 Attalum
1852 1854 1966 1924 11.‚
2023 1874 2139 1930 qua
2184 1852 2368 1911 videri
2413 1854 2597 1911 vellet
2640 1874 2782 1930 erga
2823 1855 3059 1914 fratrem
3104 1859 3353 1935 pietate,
3403 1858 3729 1935 permisisse
3772 1858 3867 1915 vel
3912 1856 4106 1916 decre-

616 1944 785 2011 visse,
833 1950 896 1997 ut
938 1938 1233 1997 technitae
1278 1939 1511 1995 fratrem
1572 1937 1746 1994 etiam
1809 1946 2102 1995 mortuum
2156 1938 2333 1995 sacris
2376 1939 2652 2008 colerent,
2698 1958 2907 2016 neque,
2951 1939 3010 1997 id
3055 1940 3210 2018 quod
3256 1960 3330 1997 ex
3363 1941 3642 1998 Eumenis
3684 1940 3769 1999 ΙΙ.
3809 1939 4106 2000 sacerdote

618 2027 677 2082 in
729 2024 1085 2101 praescripto
1150 2020 1402 2099 quodam
1452 2022 1580 2094 (15)
1647 2032 2089 2078 commemorate
2160 2019 2576 2078 concludamus
2645 2040 2883 2079 necesse
2934 2033 3052 2092 est,
3116 2025 3306 2101 ipsum
3383 2025 3653 2082 habuisse
3719 2024 4102 2082 technitarum

617 2107 975 2167 sacerdotem
993 2108 1075 2180 ⁰²)
1184 2107 1320 2163 Alie
1365 2103 1597 2182 quidem
1655 2103 1825 2162 mede
1889 2105 2198 2181 queminus
2259 2105 2551 2162 technitae
2594 2124 2658 2162 se
2700 2117 3118 2164 venerarentur
3173 2129 3286 2165 nen
3330 2109 3639 2169 recusavit.
3728 2107 3904 2166 Grato
3947 2109 4103 2166 enim

616 2191 828 2250 artifex
886 2190 989 2247 ille
1032 2188 1385 2247 claiissimus
1443 2190 1501 2245 in
1548 2189 1703 2263 regis
1745 2188 2025 2245 honorem
2078 2189 2410 2246 societatem
2458 2189 2752 2265 quandam
2795 2189 3205 2248 Attalistarum
3259 2211 3334 2249 ex
3375 2192 3648 2249 technitis
3693 2191 4102 2267 constituit53),

616 2295 793 2353 quam
867 2275 998 2331 iam·
1053 2273 1300 2362 septime
1375 2292 1555 2341 anne,
1628 2281 1937 2349 postquam
2010 2272 2247 2328 Attalus
2319 2272 2606 2347 regnabat
2674 2273 2821 2346 (152
2880 2292 2933 2332 a.
2979 2273 3118 2332 Chr.
3163 2273 3275 2350 n.)‚
3347 2275 3529 2332 fuisse
3605 2274 3871 2333 videmus
3949 2272 4105 2353 (15).

617 2361 679 2418 Si
722 2366 918 2416 autem
952 2376 1370 2435 comparamuS,
1414 2376 1563 2433 quae
1606 2356 1803 2413 insunt
1829 2353 2098 2413 versibus
2134 2352 2255 2431 (CJ
2260 2353 2317 2413 G
2341 2358 2500 2415 3069
2524 2376 2580 2413 v,
2608 2352 2770 2433 833)
2816 2380 2913 2415 και
2949 2361 3063 2417 7107
3069 2356 3144 2417 λὰ
3176 2358 3288 2436 μὲν
3322 2355 3459 2463 [κα7.
3470 2353 3530 2439 jc>
3555 2382 3655 2419 και
3685 2353 4106 2459 φιλάνθρωπα

618 2467 731 2545 τῃ
737 2436 980 2541 συνόὸῳ
1026 2437 1230 2515 παρὰ
1289 2444 1426 2500 τῶν
1467 2438 1860 2539 βασιλέων
1905 2438 2209 2517 ἐποίησεν,
2259 2436 2725 2517 ἀποδεχομένων
2770 2464 2857 2499 αι
2871 2464 3019 2500 των
3059 2438 3170 2521 τήν
3212 2465 3274 2503 τε
3319 2443 3543 2503 ἐκείνου
3588 2438 3832 2502 ἅπαντα
3875 2436 4107 2520 τρόπον

618 2524 773 2605 πρὸς
803 2520 912 2584 {m-
918 2521 1060 2596 τοὺς
1093 2520 1330 2584 εὔνοιαν
1353 2524 1451 2583 καὶ
1484 2520 1594 2599 τὴν
1619 2516 1917 2601 ἡμετέραν
1941 2523 2170 2602 αἵρεσιν
2212 2522 2310 2581 καὶ
2342 2546 2418 2581 σι
2403 2521 2698 2602 vu2cuvav
2744 2520 2920 2594 ἀξίαν
2951 2547 3143 2585 ουσαν
3166 2530 3293 2604 τῆς
3335 2521 3620 2585 ἑαυτῶν
3664 2526 4101 2603 ἓπωνυιιίας,

618 2608 871 2666 dubitari
915 2627 1027 2664 nen
1052 2616 1260 2684 petest,
1305 2608 1443 2684 quin
1470 2626 1602 2664 cum
1628 2604 1700 2662 de
1733 2607 2131 2683 compluribus
2161 2605 2413 2680 regibuS,
2457 2625 2701 2682 quorum
2732 2608 2964 2665 nomine
3007 2628 3071 2665 se
3101 2607 3307 2685 dignos
3349 2610 3748 2685 praestiterint
3775 2608 4106 2677 Attalistae,

619 2692 859 2762 dicatur,
905 2690 1301 2748 Philometore
1347 2688 1580 2747 demum
1626 2700 1911 2765 regnante
1955 2690 2065 2746 hoc
2109 2650 2413 2746 deci-ctum
2438 2691 2818 2766 compositum
2861 2691 2955 2763 sit,
2997 2693 3337 2769 praesertim
3384 2711 3516 2749 cum
3548 2689 3938 2770 Philadelpho
3970 2693 4104 2748 vivo

619 2776 776 2851 regis
838 2793 1051 2831 nemen
1117 2773 1495 2831 Philometori
1557 2772 1814 2831 nendum
1881 2792 2216 2830 concessum
2276 2773 2453 2830 fuisse
2511 2772 2900 2830 Fraenkelius
2976 2774 3040 2853 (l.
3097 2776 3136 2833 l.
3186 2796 3246 2853 p.
3296 2774 3439 2854 169)
3504 2773 4106 2843 demonstraverim).

621 2858 901 2936 Sequitur
945 2857 1147 2915 Attalo
1192 2856 1304 2914 111.
1365 2855 1593 2914 demum
1640 2876 1780 2931 rege
1825 2854 2112 2933 synodum
2139 2875 2394 2953 ’quoque
2424 2856 2809 2914 technitarum
2857 2857 3072 2915 Teium
3118 2860 3452 2937 reliquisse,
3509 2878 3628 2936 qua
3669 2857 3741 2916 de
3779 2879 3841 2915 re
3897 2858 4105 2917 Strabo

619 2941 799 3015 (le
835 2947 886 3011 1,
914 2943 989 2999 29
1022 2961 1081 3018 p.
1115 2943 1232 3000 643
1258 2938 1334 3014 C)
1380 2942 1621 3017 exponit
1725 2940 2018 3013 Quoniam
2062 2941 2216 2997 enim
2259 2939 2527 3009 artificeS,
2573 2959 2689 3017 qua
2729 2960 2951 2998 merum
2997 2943 3283 3019 pravitate
3312 2944 3579 3001 solebant
3617 2962 3742 3000 esse
3763 2938 3869 3021 ⁶⁵),
3915 2941 4108 2999 denuo

620 3045 752 3082 cum
797 3025 963 3082 Teiis
1006 3023 1400 3082 simultatibus
1455 3024 1729 3081 disiuncti
1774 3033 1941 3082 eraut
1957 3020 2064 3101 66),
2127 3023 2425 3100 Ephesum
2472 3026 2873 3101 profugerunt.
2960 3025 3172 3102 Neque
3212 3046 3350 3083 vere
3394 3026 3551 3103 regis
3594 3045 3732 3082 cura
3773 3026 3857 3083 eis
3903 3025 4104 3097 defuit,

619 3129 753 3166 cnm
795 3108 899 3185 My
904 3110 1107 3165 onnesi
1163 3126 1262 3165 ees
1314 3108 1646 3166 collocaret.
1730 3107 1946 3165 Paucis
1988 3106 2156 3164 annis
2198 3116 2328 3185 pest
2380 3126 2478 3164 303
2522 3106 2816 3165 Romanos
2871 3118 3134 3186 petentes
3190 3109 3401 3167 adiisse
3445 3109 3651 3167 Strabo
3709 3109 3906 3167 verbis
3951 3110 4108 3167 hisce

619 3191 816 3253 docet:
879 3189 1177 3253 Ἀττά7ου
1233 3190 1300 3251 dt?
1342 3193 1424 3262 εἰς
1468 3187 1847 3269 ,Μυόννησον
1893 3214 1970 3250 αι
1978 3212 2119 3261 τους
2163 3185 2662 3268 καταστήσαντος
2703 3190 2932 3268 ιιεταξὺ
2979 3192 3113 3253 Τέω
3157 3193 3254 3252 καὶ
3300 3193 3623 3268 Λεβέὸου,
3667 3187 4106 3271 πρεσβεύονται

624 3271 801 3354 Τήϊοι
848 3272 1124 3353 δεόμενοι
1166 3270 1496 3351 ‘’‘lmpuuwm
1543 3272 1630 3352 μὴ
1680 3275 1969 3351 περιιδεῖν
2012 3273 2516 3352 ἐπιτειχιζοιιένῃν
2559 3275 2734 3355 σφίσι
2778 3272 2891 3353 τὴν
2934 3271 3329 3354 7Ηυόννησον.
3393 3276 3446 3336 οἱ
3495 3276 3562 3337 δὲ
3603 3275 3982 3355 μετέστησαν
4025 3278 4107 3347 εἷς

618 3358 911 3425 Λέβεδον
976 3358 1320 3435 δεξαμένων
1360 3361 1481 3418 τῶν
1522 3358 1852 3433 Λεβεδίων
1902 3354 2179 3434 ἀσμένως
2222 3354 2326 3416 διὰ
2369 3355 2479 3435 τὴν
2523 3357 2900 3435 κατέχουσαν
2942 3356 3166 3430 αὐτοὺς
3211 3357 3621 3440 ὀλιγανὸριᾝαν
3707 3360 3857 3417 lnde
3899 3360 4107 3435 Myon-

620 3446 840 3515 nesios,
884 3444 1151 3520 quamtis
1193 3441 1429 3498 Attalus
1473 3459 1579 3498 rex
1621 3441 1870 3498 artifices
1910 3441 2088 3517 recipi
2129 3440 2422 3510 iussisset,
2468 3440 2601 3496 illes
2645 3461 2681 3498 a
2724 3460 2786 3498 se
2829 3440 3160 3499 defendisse
3202 3445 3587 3519 cognescitur.
3672 3443 3882 3520 Neque
3925 3442 4107 3514 igitur

621 3526 722 3582 diu
765 3490 846 3583 ibi
892 3526 1173 3583 mansisse
1218 3524 1513 3594 videntur,
1561 3524 1663 3582 sed
1708 3525 1832 3582 sive
1873 3525 1988 3580 iam
2034 3523 2267 3582 labente
2311 3523 2806 3599 Pergamenorum
2851 3544 3052 3599 regne,
3093 3526 3215 3583 sive
3259 3537 3389 3604 post
3425 3537 3668 3584 mortem
3714 3525 3905 3583 ultimi
3949 3524 4105 3597 regis

620 3609 751 3666 illos
793 3610 1087 3675 adierunt,
1148 3609 1388 3686 quibua,
1435 3606 1589 3685 qued
1631 3609 1879 3685 patriam
1923 3625 2113 3684 neque
2157 3606 2456 3665 habebant
2498 3626 2688 3684 neque
2730 3607 3038 3679 amabant,
3081 3619 3247 3667 erant
3288 3609 3529 3688 accepti.
3619 3608 3868 3666 Romani
3909 3615 4101 3663 autem

620 3690 816 3749 sedern
863 3694 945 3750 eis
992 3692 1295 3750 Lebedum
1358 3696 1830 3766 assignaverunt,
1887 3710 2037 3768 quae
2080 3690 2218 3748 urbs
2265 3700 2472 3767 quarto
2517 3710 2567 3749 a.
2617 3690 2756 3749 Chr.
2802 3692 3033 3748 saeculo
3080 3711 3208 3750 cum
3254 3693 3383 3750 Teo
3441 3692 3773 3763 coniuncta,
3831 3690 4103 3767 queniam

620 3796 837 3853 paucos
880 3777 1036 3833 cives
1078 3775 1355 3843 habebat,
1400 3795 1498 3833 ees
1542 3774 1795 3832 libenter
1835 3776 2071 3852 recepit.
2163 3775 2370 3852 Itaque
2414 3793 2489 3831 ex
2533 3774 2917 3832 technitarum
2964 3795 3197 3853 queque
3238 3774 3733 3833 vicissitudinibus
3778 3784 4104 3851 temporum

854 3941 1009 4060 δὲἳὲ
1032 3944 1112 3992 Cf.
1140 3944 1215 4063 Z122
1252 3960 1297 3992 v.
1339 3943 1467 3995 173.;
1519 3938 1856 4009 ἀγωνοθέτης
1890 3944 1976 3990 καὶ
2025 3934 2192 4006 [speive
2244 3934 2499 4005 βασιλέως
2547 3935 2786 4004 Εὖμένου
2840 3936 2894 3989 ἓν
2936 3938 3002 4011 τῇ
3045 3935 3296 4008 βασιλέως
3342 3936 3582 4005 Εὗμένου
3617 3937 3788 4007 ἡμέρᾳ
3825 3933 3953 3989 ὅταν
3986 3935 4022 4002 ἤ
4048 3956 4105 3989 τε

623 4010 815 4077 πομπη
889 4029 909 4059 ι
1008 4030 1043 4079 ῃ
1079 4029 1140 4060 act

925 4094 991 4159 ω)
1030 4095 1164 4143 Num
1199 4096 1440 4154 Pergami
1478 4096 1630 4144 fuerit
1668 4097 1769 4143 iam
1809 4092 1977 4143 Attali
2017 4095 2083 4141 11.
2131 4095 2380 4141 sacerdos
2419 4092 2687 4155 publicus,
2737 4093 2862 4140 mihi
2913 4108 3019 4140 non
3070 4095 3195 4142 eatis
3249 4101 3489 4141 constare
3525 4092 3742 4142 videtur.
3814 4092 3894 4140 Cf.
3935 4101 4106 4140 autem

628 4163 1013 4225 Fraenkelium,
1064 4162 1407 4227 1.l.p.1.·›7‚
1463 4165 1553 4227 qui
1600 4164 1923 4211 sacerdotem
1977 4162 2230 4211 artificum
2284 4170 2336 4207 ct
2379 4161 2641 4222 publicum
2683 4176 2787 4208 non
2842 4161 2970 4209 satis
3021 4162 3306 4220 distinguit.
3387 4160 3819 4220 Dittenbergerus
3865 4158 4104 4223 (Sylloge

622 4248 672 4293 p.
708 4228 829 4294 355»)
867 4246 989 4279 vcro
1027 4232 1263 4280 Attalum
1300 4233 1371 4282 11.
1409 4249 1525 4281 cum
1561 4232 1790 4279 Eumene
1826 4232 1902 4281 11.
1953 4228 2251 4279 confudisse
2289 4228 2510 4285 videtur,
2558 4242 2698 4287 cum,
2743 4238 2801 4276 ut
2839 4227 3050 4277 Attalos
3096 4244 3275 4277 omnes
3321 4229 3503 4276 divinis
3554 4228 3842 4276 honeribus
3888 4229 4104 4276 affectes

622 4313 735 4347 csse
773 4302 1116 4357 demonstret,
1173 4302 1238 4348 ad
1275 4301 1423 4349 locos
1459 4316 1498 4348 3.
1538 4308 1788 4348 tractatos
1827 4306 2051 4347 revocet.
2124 4298 2281 4343 Certe
2317 4295 2560 4343 Helmius
2598 4292 2831 4357 (Grieck.
2877 4294 3062 4347 Gesch.
3095 4298 3170 4346 IV
3205 4313 3254 4358 p.
3293 4295 3412 4360 200)
3463 4311 3560 4345 suo
3597 4296 3708 4344 iure
3745 4295 3871 4344 dicit
3910 4298 4006 4344 hac
4050 4296 4103 4343 in

622 4381 677 4414 re
715 4382 859 4427 reges
896 4368 1251 4425 Pergamenos
1290 4369 1631 4416 modestiores
1668 4367 1828 4415 fuisse
1866 4380 2019 4428 quarn
2055 4363 2190 4412 alies
2227 4360 2296 4425 (v.
2322 4362 2357 4409 i.
2384 4365 2616 4425 synodos
2652 4363 3045 4429 Aegyptiacae).

929 4451 993 4515 ⁶³)
1033 4451 1149 4500 Non
1188 4454 1251 4500 dc
1288 4453 1502 4516 proprio
1526 4452 1869 4501 technitarum
1895 4448 2117 4507 collegio
2144 4462 2264 4496 esse
2291 4446 2625 4504 cogitandum
2654 4449 2974 4497 Luedersius
3011 4447 3082 4511 (p.
3103 4447 3166 4495 22
3205 4449 3323 4499 adn.
3351 4446 3439 4511 51)
3479 4450 3543 4496 ad
3569 4446 3820 4510 liquidum
3845 4446 4103 4511 perduxit.

928 4535 991 4599 6Ι)
1028 4537 1204 4618 Neque
1244 4538 1400 4598 igitur
1425 4536 1786 4591 Fraenkclius
1825 4549 2137 4596 quamquam
2160 4540 2299 4580 reete
2329 4531 2461 4578 dixit
2496 4531 2747 4580 Meierum
2783 4531 3283 4598 (Eneycl.na11.111
3313 4532 3391 4581 16.
3429 4549 3479 4596 p.
3513 4529 3690 4597 4113.)
3726 4531 3859 4579 salso
3897 4539 4106 4592 putasse

625 4603 725 4651 iam
768 4604 1108 4679 Philadelpho
1146 4607 1263 4654 vivo
1306 4606 1705 4653 Philometorcm
1744 4616 1919 4661 regem
1956 4615 2069 4648 cssc
2106 4600 2444 4663 appellatum,
2479 4598 2653 4647 locum
2691 4618 2730 4649 3
2763 4600 2815 4659 1.,
2855 4602 2921 4649 ad
2959 4615 3106 4663 quem
3134 4600 3356 4648 Meierus
3398 4600 3617 4661 delegat,
3655 4600 3779 4648 satis
3806 4596 4103 4661 explicavit,

625 4673 869 4732 queniam
908 4689 1089 4722 omnes
1122 4675 1452 4723 difficultates
1490 4688 1595 4720 nen
1633 4670 1891 4719 tolluntur
1926 4668 2028 4717 nisi
2066 4668 2269 4716 titulum
2307 4666 2453 4714 illum
2495 4667 2846 4716 Philometore
2873 4681 3003 4747 'rege
3040 4669 3384 4730 compositum
3433 4683 3547 4717 esse
3596 4667 3885 4715 statuimus.
3958 4664 4106 4723 Quae

625 4754 739 4788 cum
778 4742 851 4788 ita
885 4743 1002 4803 sint,
1039 4742 1263 4803 epistula
1303 4740 1548 4789 Cratonis
1588 4739 1931 4800 Philadelpho
1968 4737 2221 4796 regnante
2257 4734 2433 4787 missa.
2472 4734 2617 4783 euius
2657 4735 3034 4799 praescriptum
3072 4734 3320 4785 habemus
3357 4734 3423 4800 (1;
3416 4737 3497 4816 1),
3522 4737 3668 4798 prior
3706 4734 3956 4795 quaedam
3992 4734 4103 4791 fuit,

625 4823 748 4868 non,
785 4810 832 4856 id
872 4778 1008 4871 qued
1050 4810 1145 4857 viri
1184 4811 1325 4858 docti
1362 4818 1689 4871 putaverunt,
1729 4805 2024 4854 testamenti
2061 4801 2308 4852 Cratonis
2344 4802 2663 4861 initiuu1‚dc
2700 4819 2804 4866 quo
2845 4804 2897 4852 in
2938 4803 3102 4852 altera
3136 4802 3229 4851 illa
3264 4804 3604 4867 inscriptione
3639 4801 3827 4862 agitur.

929 4892 993 4956 ⁶⁵)
1035 4894 1112 4943 Cf.
1156 4890 1456 4941 Aristotelis
1494 4890 1665 4938 locum
1707 4889 2034 4937 notissimum
2070 4884 2383 4949 (probl.30‚
2425 4887 2488 4939 10
2523 4903 2573 4950 p.
2610 4886 2759 4935 (11611
2801 4884 2909 4949 11):
2958 4886 3057 4936 Διοὶ
3090 4887 3145 4937 τί
3189 4880 3246 4936 οἰ
3276 4888 3616 4937 Διονυσιακοὶ
3651 4886 3880 4948 τεχνῖται
3914 4880 3985 4939 (ὃς
4021 4901 4106 4934 επι

622 4958 684 5008 τὸ
718 4954 853 5008 πολὺ
889 4961 1123 5026 πονηροί
1161 4972 1315 5023 εισιν;

926 5046 991 5108 ⁵⁶)
1027 5047 1145 5094 Una
1183 5060 1301 5092 eum
1337 5043 1481 5091 Teiis
1521 5039 1803 5105 aliquando
1840 5039 2038 5100 legatos
2076 5037 2455 5088 Samothracen
2492 5042 2744 5089 miserunt
2778 5038 2904 5105 (18).
