4550 5734
486 567 717 625 illorum
776 566 1086 623 varietates
1145 584 1493 640 cognoscere
1545 566 1711 636 licet,
1776 565 1992 645 quibus
2050 587 2298 644 regnum
2357 568 2783 644 Pergamenum
2841 568 3077 625 interiit.
3165 565 3388 625 Lebedi
3431 574 3623 624 autem
3668 567 3963 625 technitae

490 651 707 708 (liutius
751 648 950 707 sedem
993 649 1311 720 habebant,
1356 668 1487 706 eum
1534 651 1709 707 etiam
1737 650 2037 709 Strabonis
2080 662 2272 709 aetate
2303 669 2401 708 eos
2433 652 2782 728 panegyrim
2813 650 3102 726 agonibus
3125 650 3513 708 celebravisse
3540 649 3840 709 videamus
3857 651 3961 728 ⁶³).

786 732 961 790 Hanc
1013 730 1302 809 synodum
1355 742 1584 809 praeter
1636 731 1806 790 ludos
1862 735 2211 792 clarissimos
2232 780 2245 802 ,
2308 754 2452 811 quos
2508 735 2567 791 in
2620 734 2747 811 ipsa
2792 732 3044 792 Graecia
3106 734 3182 792 ab
3235 754 3308 791 ea
3357 736 3541 791 iactos
3602 753 3730 792 esse
3789 754 3966 811 supra

490 815 772 889 vidimus,
833 816 1117 893 imprimis
1158 810 1218 872 in
1264 817 1413 873 Asia
1458 816 1685 874 Minore
1727 818 1914 892 egisse
1958 828 2205 896 apparet
2220 816 2333 895 ⁶⁸),
2389 818 2554 876 velut
2597 818 2713 875 Iasi
2755 819 2875 876 suis
2917 817 3249 896 sumptibus
3290 816 3572 894 Dionysia
3614 815 3964 876 celebranda

489 911 654 959 curat
696 898 843 977 (17).
932 897 1104 973 Quod
1138 917 1278 956 vero
1322 918 1438 956 una
1483 920 1559 957 ex
1602 898 2027 977 antiquioribus
2069 901 2442 959 societatibus
2499 902 2675 959 etiam
2717 904 3128 979 imperatorum
3172 901 3532 977 temporibus
3576 901 3798 972 floruit,
3853 900 3964 958 1186

487 984 560 1043 de
601 1004 664 1043 re
705 982 860 1043 infra
900 980 1208 1041 dicendum
1250 982 1378 1042 erit.

786 1067 870 1126 Ut
897 1066 1114 1124 Teium
1155 1065 1470 1142 collegium
1514 1067 1574 1122 in
1604 1066 1749 1123 Asia
1775 1066 2003 1124 Minore
2046 1067 2256 1137 floruit,
2302 1068 2384 1125 ita
2424 1069 2486 1125 in
2528 1069 2654 1145 ipsa
2676 1066 2923 1126 Graecia
2963 1086 3241 1143 magnum
3286 1065 3579 1144 quoddam
3621 1066 3961 1126 sodalicium

486 1152 732 1227 gloriam
774 1161 1100 1209 assecutum
1134 1161 1251 1219 est,
1297 1147 1457 1228 quod
1498 1168 1573 1206 ex
1614 1148 1797 1219 ludis,
1844 1150 2059 1227 quibus
2101 1150 2352 1208 artifices
2395 1150 2482 1208 illi
2522 1152 2804 1209 interesse
2852 1149 3142 1220 solebant,
3188 1150 3535 1228 plerumque
3576 1150 3851 1210 audiebat
3892 1150 3960 1212 τὸ

486 1232 693 1296 κοινὰν
744 1240 868 1295 τῶν
920 1234 1053 1312 περὶ
1106 1230 1219 1294 τὸν
1268 1228 1579 1293 Διόνυσον
1633 1238 1914 1311 τεχνιτῶν
1968 1240 2091 1294 τῶν
2149 1235 2213 1305 ἐξ
2265 1232 2528 1311 Ἰσθμοῦ
2585 1237 2682 1295 καὶ
2740 1232 3104 1313 Νεμέαςω).
3203 1233 3378 1291 Η806
3439 1235 3775 1293 societatem
3832 1232 3990 1293 cum'

484 1318 861 1388 Luedersius,
907 1318 1002 1375 cui
1044 1319 1169 1375 viro
1212 1315 1382 1374 docto
1425 1326 1543 1373 tres
1584 1326 1813 1374 tantum
1858 1317 2014 1374 tituli
2039 1319 2433 1388 innotuerunt,
2481 1316 2739 1376 nondum
2789 1327 3036 1375 tractare
3067 1317 3368 1396 potuisset,
3409 1318 3511 1376 alii
3553 1316 3627 1377 de
3668 1318 3775 1377 illa
3814 1320 3965 1377 inter

482 1422 544 1460 se
588 1420 944 1479 magnopere
987 1398 1403 1458 dissenserunt.

787 1484 871 1543 Ut
910 1484 1022 1542 1186
1063 1503 1295 1562 qnoque
1338 1485 1397 1541 in
1443 1492 1609 1564 parte
1651 1482 2059 1560 disputationis
2102 1494 2334 1542 nostrae
2375 1484 2607 1541 initium
2649 1486 2948 1564 capiamus
2991 1505 3065 1543 ex
3108 1484 3343 1542 nomine
3386 1483 3619 1561 collegii
3661 1485 3966 1559 tractandi,

485 1589 563 1627 ex
605 1570 1032 1646 praepositione
1080 1569 1141 1640 ἐξ
1185 1578 1464 1645 usurpata
1503 1565 1969 1645 concludendum
2011 1587 2128 1624 non
2173 1565 2405 1624 videtur
2447 1567 2693 1625 artifices
2740 1567 2872 1626 illos
2916 1570 2975 1625 in
3005 1568 3223 1626 Isthmo
3267 1566 3616 1631 et,Nemeae
3656 1568 3967 1642 habitasse,

485 1651 547 1709 id
590 1650 743 1728 quod
787 1672 919 1710 cum
961 1671 1069 1729 per
1111 1670 1175 1708 se
1218 1651 1442 1708 nullam
1484 1651 1744 1707 veritatis
1787 1650 2040 1727 speciem
2083 1670 2222 1728 prae
2267 1669 2331 1707 se
2373 1649 2501 1721 fert,
2549 1662 2673 1708 tum
2716 1652 2800 1709 eis
2843 1652 3146 1722 refutatur,
3194 1669 3346 1729 quae
3375 1652 3696 1728 exposituri
3735 1670 3962 1725 sumus;

488 1744 675 1792 ortum
717 1742 908 1793 autem
954 1732 1186 1792 videtur
1223 1733 1369 1791 illud
1414 1734 1475 1807 ἐξ
1520 1753 1553 1791 6
1584 1732 1943 1791 Graecorum
1987 1753 2058 1791 ea
2098 1735 2322 1791 ratione
2365 1732 2612 1805 dicendi,
2657 1754 2776 1812 qua
2817 1755 3236 1813 nonnunquam
3281 1735 3593 1792 terminum
3634 1735 3965 1809 significare

488 1818 740 1886 malunt,
803 1817 962 1875 unde
1022 1819 1152 1897 quis
1202 1815 1426 1889 redeat,
1489 1836 1666 1895 qnam
1727 1836 1841 1894 quo
1895 1816 2311 1894 proficiscatur.
2402 1816 2676 1876 Ceterum
2726 1819 2787 1876 in
2844 1820 3017 1876 unius
3073 1819 3229 1876 tituli
3285 1818 3422 1890 (14)
3478 1819 3966 1896 superscriptione

490 1901 795 1960 habemns:
846 1905 992 1962 Τῶν
1035 1902 1099 1962 ἓν
1120 1899 1185 1961 ²1.
1221 1926 1274 1961 κ.
1309 1903 1390 1961 N.
1422 1905 1722 1978 τεχνιτῶν.
1818 1900 1898 1957 Et
1940 1901 2198 1977 profecto
2245 1901 2390 1959 haec
2432 1902 2624 1959 minus
2666 1912 2941 1960 accurata
2980 1900 3234 1961 formula
3277 1898 3414 1959 inde
3455 1902 3736 1977 originem
3782 1901 3966 1977 duxit,

491 1982 643 2043 unde
685 1983 889 2043 eadem
932 1987 991 2042 in
1037 2004 1154 2042 una
1196 1985 1570 2065 inscriptione
1615 1983 1766 2042 Teia
1821 1987 1902 2057 (v.
1928 2005 1974 2043 6.
2004 2005 2060 2062 p.
2089 1984 2207 2055 10).
2299 1985 2394 2042 Ex
2437 1984 2538 2041 illo
2581 1985 2708 2062 ipso
2762 1986 2916 2043 enim
2972 1986 3244 2062 genetivo
3300 1996 3547 2063 apparet
3590 1985 3734 2042 11866
3784 1987 3967 2043 verba

490 2088 604 2125 non
648 2066 723 2126 ab
769 2068 1086 2127 Isthmiaco
1143 2068 1392 2144 collegio
1441 2077 1569 2125 orta
1612 2086 1770 2137 esse,
1821 2065 1924 2124 sed
1967 2088 2001 2124 a
2045 2068 2272 2143 synodo
2317 2068 2492 2137 Teia,
2555 2071 2648 2126 cui
2692 2067 2992 2127 decretum
3036 2069 3181 2127 illud
3227 2070 3467 2127 missum
3513 2080 3688 2139 esset,
3747 2068 3842 2126 vel
3888 2069 3965 2128 ab

485 2152 613 2228 ipso
660 2150 930 2223 Cratone,
973 2154 1073 2230 qui
1120 2152 1512 2210 honoraretur.
1601 2150 1772 2224 Quod
1816 2169 1954 2208 vero
1997 2153 2057 2208 in
2100 2149 2329 2210 duabus
2372 2151 2503 2209 aliis
2557 2153 3032 2231 inscriptionibus
3083 2155 3168 2225 εἷς
3202 2151 3268 2212 Ἰ.
3317 2177 3370 2212 κ.
3421 2154 3498 2211 Ν.
3548 2152 3809 2228 legimuS,
3857 2152 3966 2211 1186

485 2233 560 2293 116
602 2255 665 2292 16
707 2235 860 2294 infra
902 2233 1301 2293 disserendum
1347 2237 1472 2292 erit.

787 2318 1010 2393 Quodsi
1051 2318 1208 2377 locos
1251 2338 1348 2376 eos
1392 2317 1732 2395 respicimus
1750 2317 1829 2391 ¹⁴⁰)
1875 2317 2089 2394 quibus
2133 2318 2298 2375 nulla
2342 2315 2501 2375 urbis
2542 2319 2962 2393 significatione
3004 2317 3233 2377 adiecta
3273 2316 3343 2379 τὰ
3392 2315 3594 2377 κοινὸν
3634 2323 3755 2379 τῶν
3801 2319 3864 2393 ἐξ
3898 2317 3964 2379 Ἰ.

488 2426 544 2461 κ.
588 2402 668 2461 N.
713 2408 995 2480 τεχνιτῶν
1050 2412 1558 2471 commemoratur,
1620 2412 1684 2457 ut
1741 2401 1888 2457 alias
1949 2402 2263 2459 sententias
2322 2411 2711 2479 praeteream,
2772 2402 3154 2476 Muellerum,
3215 2404 3317 2481 qui
3382 2401 3456 2459 ob
3508 2422 3678 2459 unam
3729 2403 3966 2482 inscrip-

486 2486 701 2543 tionem
749 2484 878 2557 (30)
923 2496 1089 2565 putet
1126 2496 1309 2544 totum
1368 2483 1517 2543 illud
1578 2484 1890 2560 collegium
1932 2483 2113 2541 fuisse
2156 2486 2449 2561 Argivum
2494 2486 2777 2543 erravisse
2819 2485 3190 2544 manifestum
3248 2497 3354 2546 est.
3446 2484 3595 2544 Cum
3656 2495 3851 2543 autem
3905 2487 3966 2543 in

484 2567 587 2625 illo
632 2568 803 2627 titulo
849 2571 1071 2644 Argivo
1112 2570 1196 2627 ita
1238 2567 1312 2627 de
1356 2567 1641 2626 artificum
1686 2567 1937 2643 collegio
1994 2577 2205 2643 agatur
2254 2579 2320 2626 ut
2373 2566 2596 2625 audiat:
2653 2566 2721 2629 τὸ
2772 2565 2978 2628 κοινὸν
3020 2574 3141 2629 τῶν
3188 2594 3251 2629 π.
3296 2592 3350 2631 τ.
3395 2569 3476 2629 Δ.
3520 2574 3803 2647 τεχνιτῶν
3845 2574 3967 2630 τῶν

489 2651 553 2723 ἐξ
587 2650 654 2711 ²1.
699 2677 756 2712 κ.
798 2654 877 2711 Ν.
918 2657 1030 2730 τῆς
1074 2652 1136 2712 ἐν
1163 2650 1364 2732 Ἄργει
1409 2647 1793 2728 συνόδουῖῑ),
1858 2651 2003 2709 nihil
2057 2651 2249 2710 obstat
2304 2652 2614 2729 quominus
2658 2670 2728 2709 ea
2771 2652 3163 2730 respicientes,
3220 2672 3372 2730 quae
3414 2650 3773 2711 intercedere
3816 2653 3970 2711 inter

488 2735 774 2793 vocabula
818 2732 1021 2796 κοινόν
1062 2747 1121 2793 et
1162 2732 1419 2807 σύνοδος
1466 2734 1656 2792 edocti
1698 2754 1912 2805 sumus,
1962 2734 2342 2793 Isthmiacum
2372 2734 2518 2792 illud
2549 2735 2861 2813 collegium
2894 2755 3170 2812 magnum
3200 2735 3493 2814 quoddam
3527 2755 3736 2814 corpus
3774 2736 3969 2795 existi—

485 2838 729 2887 memus,
770 2820 807 2876 i.
847 2839 898 2878 6.
929 2818 991 2877 111
1032 2818 1187 2897 quod
1232 2839 1337 2877 nos
1377 2817 1621 2876 dicimus
1664 2813 2055 2889 ‚,Verband⁸‘‚
2097 2819 2386 2894 synodum
2431 2837 2567 2876 vero
2610 2820 2895 2894 Argivam
2939 2839 3120 2876 unum
3153 2838 3229 2877 ex
3259 2820 3434 2876 variis
3466 2817 3777 2891 sodaliciis,
3817 2839 3969 2899 quae

488 2901 574 2959 illi
616 2903 818 2960 maiori
862 2905 1086 2981 corpori
1127 2901 1422 2980 adscripta
1465 2912 1673 2962 essent.
1759 2900 1928 2974 Quae
1974 2922 2107 2959 curn
2148 2902 2230 2959 ita
2285 2903 2422 2973 sint,
2473 2901 2665 2960 facere
2721 2921 2837 2960 000
2880 2922 3210 2981 possumus,
3276 2904 3417 2980 quin
3477 2903 3791 2960 Foucartio
3843 2904 3969 2961 viro

489 2985 806 3043 clarissimo
869 2986 1046 3065 plane
1097 2988 1510 3057 assentiamur,
1575 2988 1676 3064 qni
1731 3004 1805 3042 ex
1847 3004 1963 3041 uno
2010 2985 2116 3042 hoc
2165 2986 2334 3044 titulo
2377 3006 2501 3044 rem
2544 2987 2628 3043 ita
2669 2996 3059 3064 comparatam
3103 2986 3281 3044 fuisse
3325 2983 3621 3044 concludit
3663 2997 3747 3064 (p.
3781 2984 3862 3064 7),
3904 2996 3971 3044 ut

489 3069 804 3145 collegium
848 3071 1186 3127 universum
1229 3089 1262 3127 6
1303 3070 1483 3139 festis,
1531 3088 1774 3146 quornm
1822 3066 2177 3144 agendorum
2222 3071 2414 3147 gratia
2453 3069 2845 3140 convenirent,
2893 3088 3106 3127 nomen
3159 3068 3414 3141 duceret,
3462 3080 3658 3148 partes
3701 3070 3969 3147 singulae

488 3150 774 3210 adderent
835 3153 1083 3210 civitatis
1148 3155 1504 3211 mentionem
1550 3158 1608 3209 in
1675 3171 1794 3229 qua
1854 3152 2208 3209 domicilium
2270 3153 2616 3230 posuissent.
2704 3151 2861 3225 Quia
2920 3153 3075 3210 enim
3135 3153 3357 3230 fingere
3410 3154 3578 3210 nobis
3625 3152 3728 3209 vix
3769 3172 3968 3232 possu-

488 3255 635 3307 0106,
677 3237 964 3294 technitas
1008 3236 1140 3293 illos
1187 3238 1247 3293 in
1293 3236 1515 3293 Isthmo
1561 3248 1620 3294 et
1662 3236 1921 3293 Nemeae
1962 3255 2165 3293 omnes
2210 3236 2531 3307 habitasse,
2595 3236 2806 3313 synodi
2850 3254 2981 3293 cum
3041 3238 3336 3295 mentione
3378 3236 3439 3293 id
3501 3233 3760 3307 additur,
3813 3235 3971 3314 quod

490 3318 876 3397 desideratur,
918 3318 1197 3379 domicilii
1241 3319 1519 3378 videlicet
1560 3338 1787 3389 nomen,
1829 3320 1912 3376 ita
1953 3329 2019 3376 ut
2062 3319 2171 3376 1186
2212 3320 2270 3377 10
2315 3340 2378 3377 16
2420 3320 2688 3395 singulae
2728 3330 2926 3398 partes
2967 3320 3201 3396 collegii
3245 3320 3541 3378 Isthmiaci
3583 3320 3798 3396 optime
3842 3340 3973 3378 con-

488 3402 730 3460 veniant
771 3422 900 3460 cum
945 3404 1223 3461 Teiorum
1270 3413 1388 3461 toto
1433 3407 1640 3486 κοινῷ,
1688 3400 1870 3480 quod,
1924 3421 2053 3459 cum
2097 3403 2257 3460 illius
2301 3403 2592 3461 technitae
2636 3402 2946 3461 artioribus
2988 3404 3265 3461 institutis
3323 3405 3834 3478 restringerentur,
3910 3404 3972 3460 in

490 3486 757 3561 singulas
790 3488 1096 3545 societates
1124 3507 1240 3544 non
1279 3498 1405 3544 erat
1432 3486 1699 3544 divisum.
1759 3484 2193 3559 Quaerentibus
2229 3498 2424 3544 autem
2456 3485 2641 3558 nobiS,
2685 3486 2790 3545 ubi
2825 3500 3052 3545 ceterae
3083 3487 3378 3545 Isthmiaci
3406 3486 3640 3562 collegii
3668 3486 3973 3544 societates

490 3568 736 3641 fuerint,
795 3570 952 3628 tituli
1005 3589 1069 3627 se
1121 3570 1398 3636 offerunt,
1462 3572 1677 3649 quibus
1722 3589 1933 3626 nomen
1976 3569 2150 3626 huius
2195 3570 2431 3646 collegii
2475 3572 2555 3627 ita
2599 3571 2926 3629 accuratius
2969 3569 3304 3641 definiatur,
3351 3581 3417 3627 ut
3455 3589 3575 3627 una
3616 3588 3746 3626 cum
3791 3569 3970 3629 verbo

490 3655 794 3713 συντελεῖν
837 3654 1002 3712 urbis
1043 3655 1260 3712 mentio
1303 3653 1673 3731 adiungatur.
1760 3653 1968 3729 ltaque
2011 3654 2261 3729 legimus
2307 3654 2440 3729 (26)
2485 3650 2553 3713 τὰ
2599 3679 2652 3713 κ.
2682 3677 2734 3714 τ.
2765 3679 2825 3713 π.
2855 3678 2910 3714 τ.
2941 3654 3024 3713 Δ.
3061 3648 3364 3733 [τεχνιτῶν
3405 3648 3552 3735 τ]1ἶιν
3583 3654 3645 3725 ἐξ
3679 3650 3745 3713 Ἰ.
3779 3677 3832 3713 κ.
3865 3656 3967 3727 Ν.,

492 3728 963 3817 [συντελούντων
1025 3730 1113 3818 δὲ]
1164 3738 1226 3797 ἓν
1275 3734 1517 3815 Θήβαις
1560 3737 1653 3795 vel
1699 3739 1798 3808 (31
1854 3757 1909 3796 v.
1946 3743 1997 3805 1,
2041 3737 2197 3810 [19],
2238 3736 2346 3811 21)
2393 3781 2405 3793 .
2438 3784 2452 3797 .
2485 3781 2499 3793 .
2547 3734 2995 3797 συντελούντων
3037 3736 3104 3797 δὲ
3149 3738 3212 3815 ἐγ
3257 3738 3523 3797 Χαλκίδι
3555 3738 3651 3795 vel
3681 3733 3788 3815 (28
3820 3759 3877 3796 v,
3910 3741 3971 3812 1)

491 3817 547 3879 οἱ
591 3844 652 3879 π.
701 3842 754 3879 τ.
800 3820 882 3880 Δ.
928 3829 1186 3899 τεχνῖται
1234 3820 1288 3881 οἱ
1334 3822 1395 3893 ἐξ
1432 3819 1498 3879 Ἰ.
1544 3846 1597 3880 κ.
1642 3823 1745 3892 N„
1790 3822 2217 3891 συντελοῦντες
2260 3820 2328 3881 1ἱὲ
2372 3822 2432 3880 ἓν
2465 3819 2771 3881 Ὀποῦντι.
2871 3820 3040 3878 Η866
3080 3818 3314 3878 decreta
3366 3821 3582 3892 omnia,
3643 3821 3702 3878 in
3757 3821 3974 3899 quibus

488 3902 719 3978 Argiva
776 3903 1034 3981 synodus
1091 3904 1253 3961 nullo
1317 3904 1444 3961 loco
1509 3912 2017 3974 commemoratur,
2079 3903 2154 3960 ab
2218 3904 2324 3962 illa
2387 3913 2513 3961 orta
2567 3923 2694 3960 esse
2737 3903 3085 3962 Muellerum
3132 3905 3350 3963 nemini
3391 3922 3803 3982 persuasurum
3850 3924 3974 3963 esse

490 3985 736 4047 confido,
825 3989 918 4044 Ac
962 4007 1035 4046 116
1078 3987 1417 4045 Reiscbium
1480 3986 1713 4064 quidem
1763 3984 1842 4064 (p.
1877 3989 1953 4043 78
1996 3986 2132 4044 adn.
2161 3984 2227 4063 4)
2272 4008 2392 4044 rem
2437 3987 2510 4045 ad
2555 3985 2844 4065 liquidum
2889 3986 3235 4066 perduxisse
3279 4007 3503 4058 censeo,
3565 4007 3697 4044 cum
3740 3986 3815 4045 de
3855 4008 3970 4046 uno

491 4066 819 4147 eodemque
864 4070 1137 4129 sodalicio
1183 4073 1413 4148 cogitet,
1461 4069 1617 4149 quod
1666 4082 1725 4129 et
1754 4071 1932 4143 Argis
1975 4080 2037 4128 et
2075 4071 2137 4127 in
2182 4070 2313 4128 aliis
2356 4071 2474 4127 illis
2501 4071 2744 4129 urbibus
2775 4069 2942 4128 ludos
2967 4073 3172 4146 egerit.
3257 4071 3504 4128 Etiamsi
3533 4072 3687 4129 enim
3718 4068 3972 4129 dubitari

489 4165 744 4229 nequeat
792 4156 935 4232 quin
977 4154 1222 4212 verbum
1268 4157 1569 4215 συντελεῖν
1611 4152 1683 4212 de
1726 4152 1878 4212 ludis
1918 4153 2200 4211 faciendis
2258 4164 2394 4231 apte
2447 4153 2699 4225 dicatur,
2757 4165 2952 4211 tamen
3011 4155 3072 4211 in
3133 4153 3402 4212 omnibus
3460 4173 3606 4232 quas
3659 4164 3972 4212 tractamus

490 4236 966 4313 inscriptionibus
1009 4258 1141 4295 cum
1184 4238 1417 4296 omnino
1444 4259 1558 4296 non
1593 4237 1666 4295 de
1696 4236 1850 4295 ludis
1880 4237 2245 4295 celebrandis
2273 4240 2468 4315 agitur
2498 4236 2600 4296 sed
2633 4235 2706 4294 de
2735 4237 3085 4310 hominibuS,
3128 4237 3564 4313 magistratibus
3593 4238 3972 4315 potissimum,

799 4402 868 4467 ⁶⁴¹)
902 4404 1043 4455 Satis
1061 4405 1401 4470 probabiliter
1424 4403 1738 4451 Foucartius
1759 4400 1831 4466 (p.
1850 4401 1903 4465 9)
1929 4405 2224 4466 suspicatur
2250 4419 2341 4453 eos
2355 4418 2446 4467 per
2457 4402 2668 4466 aliquod
2679 4412 2879 4467 tempus
2904 4404 3118 4452 Prienae
3137 4418 3344 4466 quoque
3367 4403 3642 4463 habitasse,
3668 4420 3782 4452 cum
3803 4404 3973 4453 Anto·

496 4471 652 4529 nium,
690 4481 965 4535 postquam
989 4473 1129 4521 Sarni
1159 4475 1309 4521 ludos
1335 4472 1569 4520 scenicos
1596 4471 1805 4529 egisset,
1832 4470 1974 4519 illam
1999 4472 2181 4520 urbem
2204 4474 2379 4520 sedem
2406 4474 2478 4520 eis
2503 4472 2709 4520 dedisse
2735 4473 2968 4531 legamus
2993 4471 3134 4531 (Plut
3183 4469 3306 4522 Ant.
3331 4470 3446 4535 5›7);
3485 4487 3797 4534 quamquam
3835 4474 3972 4521 enim

502 4539 808 4588 Plutarchus
832 4539 955 4593 τούς
973 4545 1095 4604 περὶ
1114 4541 1210 4591 τὸν
1232 4540 1492 4589 Διόνυσον
1511 4539 1743 4601 τεχνίτας
1763 4548 1962 4586 tantum
1983 4551 2374 4597 commemorat,
2391 4540 2574 4587 Teiam
2594 4542 2849 4603 synodum
2871 4554 2985 4588 esse
3005 4539 3408 4599 intellegendam
3430 4539 3858 4588 verisimillimum
3877 4549 3971 4591 est.

803 4605 870 4670 68)
907 4607 987 4654 1)6
1026 4610 1235 4671 propria
1271 4607 1614 4656 technitarum
1653 4606 1853 4665 schola,
1891 4620 2045 4667 quain
2070 4608 2385 4656 Luedersius
2412 4605 2505 4657 Tei
2541 4608 2700 4656 fuisse
2739 4622 2804 4654 ex
2843 4607 2996 4655 titulo
3034 4608 3211 4669 aliquo
3249 4608 3507 4656 conclusit
3540 4606 3827 4672 (p.13.1‘1s.),
3865 4623 3973 4656 non

498 4674 724 4733 cogitari
758 4689 914 4739 posse
951 4675 1053 4722 iam
1089 4675 1523 4724 Friedlaenderus
1559 4674 1660 4738 (De
1700 4674 1833 4722 artis.
1872 4673 2093 4737 Dionys.
2134 4675 2261 4723 1874
2284 4692 2336 4739 p.
2359 4673 2414 4739 3)
2450 4677 2639 4726 docuit.
2713 4675 2793 4723 Cf.
2831 4674 3142 4723 Muellerum
3179 4690 3227 4737 p.
3258 4674 3358 4723 396
3393 4677 3582 4725 adn.4.
3619 4702 3687 4710 —
3725 4675 3803 4723 De
3837 4674 3972 4724 ludis

494 4741 802 4802 quibusdam
843 4758 875 4791 a
910 4743 1052 4791 Teiis
1090 4744 1170 4789 Co
1209 4746 1356 4792 tactis
1393 4760 1437 4792 v.
1464 4743 1496 4791 i.

796 4810 863 4873 ⁶⁵)
902 4808 1055 4869 Quod
1094 4811 1169 4860 tit.
1207 4812 1238 4858 2
1268 4812 1328 4859 fr.
1370 4812 1399 4858 b
1436 4827 1483 4861 v.
1524 4810 1583 4860 14
1634 4809 1954 4858 Luedersius
1991 4811 2324 4874 suppleverat
2357 4806 2465 4867 ἀπ’,
2500 4810 2552 4859 111
2590 4826 2726 4859 nunc
2778 4811 2961 4858 melius
2997 4819 3076 4859 cst
3120 4811 3443 4869 restitutum3
3490 4810 3552 4861 cf.
3589 4809 3682 4869 :263
3730 4810 3796 4860 28
3832 4827 3878 4863 r.
3914 4811 3970 4868 2;

492 4874 577 4941 [29
616 4894 661 4929 v.
686 4876 765 4943 2];
801 4882 868 4927 30
903 4894 954 4925 v.
981 4881 1031 4933 3,
1069 4880 1152 4935 30,
1188 4878 1273 4937 33,
1308 4879 1399 4937 403
1437 4879 1497 4926 31
1539 4894 1585 4928 v.
1612 4882 1662 4937 3,
1699 4874 1823 4943 [19].
1860 4876 1941 4927 22.

798 4948 861 5009 ⁴¹⁰)
902 4947 965 4996 V.
1003 4955 1355 5009 conspectum,
1394 4961 1546 5007 quein
1581 4963 1631 5008 p.
1661 4947 1689 4995 ἰ’
1730 4962 1769 4993 v.
1812 4946 1876 4995 40
1913 4946 2167 5005 dedimus,
2222 4946 2473 5009 imprimis
2510 4945 2600 4997 ⁶29:
2649 4939 2721 5001 εἷς
2761 4946 2977 5012 Θήβαςῖ)
3025 4950 3149 4995 ποτὶ
3193 4945 3255 4995 τό
3306 4941 3524 5012 κ]οινὸ[ν
3585 4944 3688 4995 τῶν
3735 4944 3973 5009 τεχνιτοῖν

488 5012 593 5062 τῶν
626 5008 682 5073 ἐξ
718 5009 781 5064 Ἰ.
818 5032 861 5063 κ.
898 5013 1130 5079 Ν]εμέας
1167 5015 1219 5062 el.
1259 5014 1346 5063 14:
1382 5014 1486 5062 τῶν
1523 5010 1577 5062 ἐν
1611 5009 1676 5063 Ἰ.
1712 5032 1759 5063 κ.
1800 5014 1868 5064 Ν.
1903 5012 2160 5075 τεχνιτῶν.

796 5080 859 5145 Ἡ)
894 5085 962 5131 30
998 5100 1043 5134 v.
1082 5082 1130 5142 2,
1164 5084 1310 5143 398.;
1348 5082 1410 5132 cf.
1446 5081 1548 5132 ibd.
1585 5096 1629 5131 v.
1668 5082 1759 5133 30:
1801 5076 1856 5131 σι’
1892 5078 1968 5147 [π.
2006 5098 2052 5133 τ.
2087 5085 2148 5131 Δ.
2186 5076 2438 5145 τε]χνῒται
2477 5074 2532 5130 οἱ
2565 5077 2619 5141 ἐξ
2649 5078 2714 5130 Ἰ.
2753 5099 2798 5131 κ.
2838 5082 2905 5132 N.
2941 5081 3033 5147 τῆς
3072 5077 3127 5130 ἐν
3151 5079 3346 5149 “Ἀργει
3383 5076 3625 5133 συνόδου.
