4550 5734
2273 392 2311 427 ξ’)

532 576 797 654 Aegypti
845 572 1085 649 regibus
1127 572 1426 631 subiectae
1471 567 1667 654 ([35];
1711 576 1822 646 363
1867 576 1974 647 373
2020 570 2177 653 [38];
2224 574 2331 653 39)
2388 586 2449 633 et
2487 577 2691 654 paucis
2736 593 2882 653 quos
2929 573 3208 632 babemus
3253 575 3489 634 Siciliae
3533 587 3592 635 et
3634 576 3846 634 Italiae
3891 576 4030 653 (403

496 664 642 731 ·41;
686 660 792 735 42)
842 656 1090 715 artifices
1142 656 1309 714 nullo
1362 656 1476 714 alio
1539 656 1713 714 modo
1758 658 2135 736 appellantur
2174 659 2288 717 nisi
2335 658 2390 719 οἳ
2435 684 2497 718 π.
2541 684 2592 719 τ.
2641 660 2723 720 Δ.
2771 666 3053 734 τεχνῖται.
3141 658 3335 716 Aliter
3377 679 3468 717 res
3511 680 3576 717 se
3621 660 3802 717 habet
3842 661 3902 718 in
3949 661 4032 717 eis

530 744 742 815 titulis,
802 741 905 819 qui
960 741 1375 817 imperatorum
1418 741 1815 797 Romanorum
1867 743 2232 819 temporibus
2285 744 2588 820 compositi
2632 752 2787 801 sunt.
2876 740 3367 819 Quandoquidem
3414 745 3567 802 enim
3612 743 3864 800 artifices
3908 754 4028 801 turn

529 825 896 905 imperatoris
936 844 1152 881 nomen
1197 822 1308 881 sibi
1351 834 1793 902 assumpserunt
1840 838 1899 882 et
1940 824 2016 882 ad
2061 826 2279 884 Bacchi
2322 845 2534 884 nomen
2578 824 3095 900 adiunxerant1⁶)‚
3154 826 3404 884 varietas
3455 827 3749 904 quaedam
3792 826 4032 885 dicendi

530 921 659 968 orta
716 920 821 967 est.
906 907 987 964 Et
1032 906 1251 965 Bacchi
1315 908 1495 966 solius
1552 927 1793 979 nomen,
1850 920 2260 988 praeterquam
2320 908 2474 986 quod
2528 912 2843 987 imperator
2885 910 3008 986 ipse
3052 912 3110 965 in
3155 911 3422 987 epistulis
3464 930 3635 967 suum
3680 929 3888 968 nomen
3936 910 4031 967 dei

528 993 792 1051 subicere
834 1011 952 1049 non
984 990 1133 1048 solet
1175 987 1390 1069 ([57v.
1423 992 1561 1064 22],
1609 992 1771 1065 [6ον
1832 987 1960 1070 ]O]3
2009 986 2226 1072 {60a];
2273 988 2486 1072 [GObv.
2525 988 2615 1073 913
2661 997 2734 1051 61
2782 1012 2877 1052 no.
2911 994 2988 1050 35
3012 1012 3065 1049 v,
3099 986 3209 1072 [7J,
3239 1012 3331 1050 no.
3362 996 3487 1067 36),
3539 995 3646 1050 nisi
3691 995 3750 1051 in
3795 993 4032 1051 decreto

526 1076 811 1151 singulari
837 1072 1092 1153 quodam
1140 1074 1490 1133 Pessinunte
1533 1086 1657 1132 orto
1703 1074 1811 1147 (47
1828 1096 1881 1132 v.
1918 1078 2023 1148 13)
2068 1087 2127 1133 et
2171 1079 2232 1134 in
2275 1077 2448 1134 titulo
2492 1076 2883 1154 Neapolitano
2928 1068 3120 1155 (ΙῦΟ])
3165 1086 3225 1132 et
3253 1077 3548 1135 Trallensi
3577 1075 3685 1153 (70
3703 1097 3756 1133 v.
3789 1078 3870 1149 2),
3915 1097 4031 1134 non

525 1162 742 1236 legitur
766 1160 861 1233 Π),
895 1156 1000 1216 sed
1042 1178 1254 1215 nomen
1286 1158 1649 1237 imperatoris
1678 1158 1904 1216 accedit
1930 1160 1988 1216 in
2020 1159 2205 1218 titulis
2235 1161 2451 1218 Atticis
2481 1160 2669 1234 ([57v
2711 1154 2803 1233 113
2841 1161 2920 1218 58
2934 1180 2986 1218 v.
3015 1158 3097 1236 3),
3125 1160 3398 1238 Ephesiis
3431 1159 3538 1238 (69
3557 1180 3614 1217 v.
3641 1163 3766 1229 36),
3801 1160 4034 1238 Aphro-

525 1244 765 1301 disiensi
810 1244 919 1317 (64
946 1260 1001 1298 V.
1034 1239 1116 1318 2),
1164 1242 1498 1319 Ancyranis
1540 1240 1644 1314 (66
1679 1262 1737 1301 V.
1770 1245 1835 1313 ‘23
1884 1246 1961 1300 73
1994 1262 2052 1302 v,
2084 1249 2152 1315 23
2200 1246 2278 1301 74
2300 1264 2355 1303 v,
2389 1246 2471 1319 2),
2531 1245 2591 1299 in
2649 1244 3051 1321 inscriptione,
3113 1263 3265 1320 quae
3319 1255 3546 1321 spectat
3587 1242 3660 1300 ad
3719 1244 4030 1318 collegium

524 1328 856 1385 Romanum
904 1325 1010 1401 (69
1028 1345 1081 1385 v.
1116 1326 1219 1397 76)
1240 1326 1341 1398 ¹⁸).
1426 1326 1581 1383 Raro
1616 1328 1845 1383 veroin
1888 1326 2367 1405 inscriptionibus
2411 1328 2585 1384 liuius
2629 1328 2835 1384 aetatis
2882 1327 3168 1403 reperitur
3213 1326 3464 1385 formula
3505 1329 3695 1385 minus
3735 1328 4034 1385 sollemnis

527 1409 583 1471 οἱ
628 1407 1020 1487 regustatum).

829 1491 1113 1565 Quamvis
1169 1493 1350 1568 igitur
1404 1492 1545 1548 satis
1600 1492 1805 1549 crebro
1861 1491 2081 1550 Bacchi
2141 1512 2352 1551 nomen
2405 1492 2630 1559 redeat,
2686 1493 2979 1551 rarissime
3036 1511 3359 1569 cognomen
3416 1492 3708 1571 quoddam
3768 1492 4032 1552 adicitur.

525 1575 703 1649 Quod
748 1578 1119 1653 Aegyptiaco
1170 1576 1230 1633 iu
1267 1576 1438 1633 titulo
1484 1577 1589 1649 (34
1609 1594 1668 1637 v,
1704 1574 1767 1650 7)
1823 1576 2122 1653 epitheton
2166 1576 2357 1656 μέγας
2400 1588 2514 1648 est,
2573 1576 2631 1633 id
2688 1576 2845 1633 haud
2890 1578 3008 1633 scio
3061 1597 3136 1634 an
3190 1576 3616 1654 quodammodo
3672 1596 3748 1634 ex
3791 1578 4035 1655 Aegyp-

527 1663 735 1718 tiorum
762 1661 858 1737 pio
875 1678 1032 1717 more
1059 1660 1345 1733 originem
1367 1659 1623 1716 duxerit.
1680 1659 1935 1717 Athenis
1964 1679 2103 1717 vero
2123 1661 2537 1737 imperatorum
2564 1660 2800 1717 demum
2820 1672 3008 1718 aetate
3031 1660 3264 1718 Baccho
3297 1681 3505 1719 nomen
3527 1655 3939 1736 ,Ἠελπόμενος
3955 1662 4032 1735 ²⁰)

528 1743 775 1801 inditum
822 1762 951 1800 esse
1008 1742 1261 1815 videtur,
1322 1763 1453 1800 cum
1515 1753 1573 1800 et
1614 1744 1761 1800 sella
1806 1742 2010 1821 ἱερέως
2052 1744 2134 1804 Δ.
2184 1746 2274 1803 Ill.
2322 1745 2386 1804 ἐκ
2429 1749 2747 1822 ulrum»
2790 1742 2924 1820 (62)
2970 1744 3029 1801 in
3074 1745 3300 1801 theatro
3345 1746 3677 1802 inveniatur
3720 1753 3778 1801 et
3820 1764 4032 1802 nomen

528 1825 841 1884 sacerdotis
899 1826 1059 1883 illius
1104 1825 1247 1884 alibi
1296 1825 1499 1884 redeat
1542 1828 1646 1899 (57
1666 1847 1721 1883 v,
1761 1830 1895 1900 12);
1949 1828 2116 1884 illum
2173 1829 2366 1903 ipsum
2409 1844 2602 1885 autem
2658 1826 3017 1885 sacerdotem
3074 1827 3251 1885 fuisse
3307 1848 3595 1885 summum
3641 1828 4032 1885 tech'nitarum

528 1930 719 1987 neque
762 1911 872 1968 ulli
915 1909 1016 1966 alii
1056 1909 1302 1967 eandem
1344 1911 1744 1967 auctoritatem
1781 1929 2115 1967 concessam
2162 1912 2340 1967 tuisse
2368 1911 2506 1967 mibi
2551 1912 3038 1968 verisimillimum
3082 1931 3210 1968 esse
3236 1911 3484 1969 videtur.
3573 1912 3760 1969 Plane
3789 1910 4031 1969 dubium

528 1996 681 2052 enim
725 2004 829 2064 est,
877 1991 1019 2070 quid
1058 1992 1130 2051 de
1174 1993 1473 2051 sacerdote
1503 1993 1584 2052 A.
1610 1993 1855 2071 χορείου
1886 1992 2256 2052 statuendum
2288 1997 2378 2063 sit,
2412 2014 2584 2071 quem
2619 1995 3106 2069 Dittenbergerus
3147 1995 3287 2051 alibi
3333 1993 3570 2069 (conv.
3606 1998 3708 2067 10)
3752 1996 4030 2071 scriptum

523 2078 704 2134 fuisse
729 2087 947 2145 censet,
968 2094 1099 2134 cum
1120 2077 1392 2154 equidem
1423 2077 1497 2134 de
1515 2077 1771 2134 Antinoo
1789 2077 2011 2160 χορείᾳ)
2035 2079 2307 2152 cogitem,
2329 2079 2492 2135 cuius
2516 2097 2725 2134 nomen
2751 2078 2810 2134 in
2843 2078 2962 2134 alia
2981 2077 3232 2155 quadam
3265 2079 3411 2136 sella
3433 2080 3644 2137 theatri
3674 2088 3764 2135 est
3784 2078 3915 2153 (63)
3933 2078 4034 2153 ²¹).

824 2158 1047 2234 Quodsi
1098 2163 1480 2233 cognovimus
1534 2161 1783 2217 artifices
1837 2161 2137 2218 titulorum
2194 2180 2307 2218 usu
2360 2162 2833 2238 frequentissimo
2890 2160 3002 2218 dici
3057 2161 3154 2219 vel
3199 2160 3344 2233 roi-g
3389 2165 3524 2240 περὶ
3570 2161 3679 2223 τὸν
3722 2157 4034 2222 Διόνυσον

522 2243 795 2321 τεχνίτας
836 2243 931 2301 vel
974 2241 1119 2314 τοὺς
1160 2244 1449 2322 τεχνίτας,
1497 2245 1606 2301 hoc
1648 2255 1845 2301 tamen
1889 2244 2121 2301 silentio
2167 2265 2281 2302 non
2329 2243 2822 2323 praetereundum
2870 2254 2961 2301 est
3004 2247 3065 2302 in
3108 2246 3295 2304 titulis
3341 2257 3676 2303 constanter
3718 2245 3840 2302 fere
3870 2244 4028 2313 addi,

522 2332 614 2384 cui
659 2326 910 2402 collegio
966 2328 1174 2409 (κοινῷ
1226 2328 1322 2385 vel
1365 2324 1636 2408 συνόδῳ)
1690 2328 1941 2385 artifices
1991 2326 2208 2384 addicti
2262 2327 2506 2397 fuerint,
2569 2348 2698 2384 cum
2747 2328 3061 2405 scriptores
3120 2350 3418 2406 nunqnam
3476 2331 3599 2387 fere
3618 2330 3701 2402 22)
3755 2328 3829 2385 de
3873 2340 4031 2386 certo

526 2409 779 2487 quodam
836 2409 1085 2487 collegio
1144 2414 1438 2489 expressis
1494 2411 1691 2468 verbis
1744 2410 1940 2469 dicant
1958 2410 2062 2487 23).
2150 2412 2364 2490 Neque
2417 2424 2609 2469 tamen
2655 2413 2806 2469 inter
2860 2414 3265 2490 inscriptiones
3319 2433 3424 2469 eae
3466 2411 3820 2470 omittendae
3880 2422 4035 2479 sunt,

528 2493 743 2571 quibus
785 2495 988 2569 negari
1044 2514 1157 2551 non
1214 2505 1403 2572 potest
1457 2494 1941 2570 significationem
1990 2495 2226 2571 collegii
2287 2494 2604 2553 desiderari
2623 2495 2728 2571 ²⁴).
2817 2494 2902 2552 Ut
2946 2498 3100 2553 enim
3159 2516 3274 2553 non
3321 2497 3584 2555 dicamus
3636 2495 3710 2553 de
3757 2496 4034 2552 brevibus

528 2576 994 2636 dedicationibus
1026 2588 1347 2635 statuarum
1380 2590 1483 2636 aut
1526 2578 1891 2635 decretorum
1923 2579 2514 2658 superscriptionibus
2559 2590 2661 2636 aut
2702 2578 2776 2636 de
2821 2580 3042 2635 ratione
3085 2578 3339 2656 quadam
3384 2579 3749 2637 sacerdotum
3796 2581 4034 2636 nomina

527 2660 935 2732 afferendi²⁵›,
981 2671 1039 2718 et
1083 2659 1434 2739 Cypriorum
1480 2674 1671 2719 certus
1715 2661 1950 2739 quidam
1998 2682 2138 2721 usus
2181 2663 2455 2737 cognosci
2501 2672 2708 2739 potest,
2757 2663 2978 2740 quippe
3023 2666 3124 2739 qui
3168 2682 3285 2719 uno
3331 2663 3456 2719 loco
3500 2675 3765 2739 excepto,
3813 2663 3913 2720 ubi
3958 2662 4034 2719 de

527 2744 641 2802 alio
696 2765 929 2822 quoque
974 2744 1223 2821 quodam
1270 2749 1453 2827 κοινῷ
1498 2764 1688 2802 sermo
1733 2758 1822 2802 est
1866 2743 2019 2823 (35),
2076 2745 2223 2818 τοὺς
2266 2748 2399 2824 περὶ
2447 2744 2558 2805 τὸν
2601 2741 2913 2805 Διόνυσον
2965 2747 3239 2824 τεχνίτας
3293 2754 3515 2803 tantum
3575 2766 4033 2804 commemorare

526 2827 718 2885 solent
745 2827 870 2904 (36,
901 2832 999 2899 37,
1030 2831 1126 2896 38,
1163 2831 1286 2899 39),
1317 2837 1377 2886 et
1401 2830 1573 2906 pauci
1602 2828 1756 2886 tituli
1787 2830 2200 2907 imperatorum
2233 2840 2424 2887 aetate
2456 2830 2762 2907 compositi
2791 2830 3073 2887 afferendi
3101 2843 3240 2887 sunt
3272 2826 3378 2907 (69
3400 2851 3457 2887 v.
3487 2834 3603 2901 373
3651 2834 3726 2889 73
3750 2851 3806 2890 v.
3841 2828 3906 2908 2)
3926 2828 4032 2908 26).

836 2979 895 3038 ¹⁶)
939 2978 1155 3025 Duabus
1193 2987 1395 3026 tantum
1431 2979 1483 3025 in
1520 2979 1951 3039 inscriptionibus
1995 2977 2434 3026 Nemausensibus
2473 2979 2554 3025 dei
2595 2992 2790 3027 nomen
2818 2980 3062 3027 Caesaris
3104 2979 3260 3042 plane
3297 2980 3515 3026 cessisse
3553 2980 3775 3029 videtur.
3845 2980 4028 3041 Neque

526 3059 649 3093 vero
688 3048 900 3094 credere
936 3060 1151 3108 possum
1191 3056 1328 3093 recte
1366 3045 1481 3093 illas
1519 3061 1633 3093 esse
1669 3046 1951 3110 suppletas.
2026 3045 2288 3103 Quoniam
2327 3048 2464 3094 enim
2503 3046 2772 3094 Kaibelius
2811 3048 3097 3095 rectissime
3134 3048 3383 3107 cognovit
3421 3048 3474 3094 in
3510 3047 3586 3097 tit.
3615 3048 3680 3093 32).
3717 3048 3842 3096 inde
3865 3064 3897 3095 a
3921 3064 3968 3096 v.
3996 3049 4026 3097 7

525 3113 679 3176 plura
727 3115 908 3161 deesse
946 3128 1100 3175 quam
1149 3111 1244 3160 alii
1303 3114 1504 3177 opinati
1557 3123 1733 3171 erant,
1789 3116 1909 3176 quid
1956 3114 2196 3176 impedit,
2251 3115 2532 3175 quominus
2570 3115 2724 3161 etiam
2786 3116 2983 3176 primos
3037 3130 3213 3163 versus
3262 3110 3497 3164 Graecos
3544 3116 3812 3174 longiores
3866 3115 4029 3163 fuisse

528 3195 863 3238 censeamus,
918 3182 991 3228 ita
1036 3190 1093 3228 ut
1140 3196 1321 3229 omnes
1368 3181 1701 3229 difficultates
1750 3181 2030 3232 tollantur.
2086 3181 2272 3242 quibus
2323 3180 2550 3231 Kaibelii
2605 3182 2987 3230 restitutionem
3033 3181 3278 3231 laborare
3335 3184 3452 3241 plus
3490 3184 3648 3230 semel
3688 3184 3979 3232 videbimus
4007 3184 4030 3230 ⁴?

524 3249 831 3309 Legendum
868 3248 1028 3306 igitur
1071 3264 1260 3297 censeo
1298 3247 1367 3311 (v.
1391 3251 1422 3293 Γ)
1459 3249 1550 3309 ss.)
1588 3252 1843 3313 ψήφισμα
1874 3248 1967 3309 τῆς
2003 3242 2149 3311 ἱερᾶς
2183 3244 2518 3311 &apeme-affl
2553 3242 2851 3315 Ἀδριανῆς
2890 3243 3118 3299 συνόδου
3152 3246 3386 3303 τῶνέεἱπό
3427 3250 3521 3313 τῆς
3556 3244 3864 3314 οἰκουμένης
3903 3255 4027 3313 περὶ

525 3316 619 3365 τὸν
630 3316 891 3365 Διόνυσον
912 3316 1017 3375 καὶ]
1037 3312 1406 3381 αὐτοκράτορα
1426 3317 1673 3383 Καίσαρα
1705 3312 2286 3381 Τραιανὸν’Λδριανὸν
2307 3315 2580 3380 Σεβαστόν
2605 3317 2724 3365 νέον
2747 3314 3034 3381 Διόν[υσον
3053 3318 3328 3380 τεχνειτοῖν
3349 3310 3652 3381 ἶερονεικῶν
3675 3319 4032 3381 στεφανειτιῦν

526 3386 613 3432 καὶ
644 3385 752 3432 τῶν
804 3383 1023 3443 τούτων]
1081 3384 1489 3449 συναγωνιστῶν.
1562 3385 1736 3433 Etiam
1781 3386 1833 3431 in
1885 3385 2053 3431 altero
2109 3385 2259 3433 titulo
2313 3383 2422 3449 (513)
2469 3384 2625 3433 aliter
2682 3385 3006 3433 restituendo
3061 3382 3130 3449 (v.
3155 3386 3213 3447 i.)
3283 3385 3364 3433 dei
3421 3400 3615 3433 nomen
3671 3385 3792 3433 addi
3846 3400 4025 3447 posse,

527 3466 645 3499 cum
682 3453 747 3499 de
786 3466 1028 3499 versuum
1070 3454 1399 3509 longitudine
1438 3452 1567 3500 nihil
1607 3462 1828 3512 constet,
1862 3460 2094 3515 apparet.
3353 3502 3362 3508 ,

840 3518 899 3581 Π)
938 3519 1131 3567 Bacchi
1171 3518 1308 3566 enim
1334 3521 1550 3567 Bresaei
1587 3520 1867 3579 collegium
1904 3534 2011 3566 non
2047 3534 2161 3567 csse
2197 3520 2465 3583 proprium
2505 3519 2871 3576 technitarum,
2912 3522 3004 3567 sed
3041 3531 3325 3583 mystarum
3369 3528 3611 3582 apparet3
3648 3536 3694 3569 v.
3723 3520 3755 3568 i.

836 3586 899 3649 ¹⁸)
935 3588 994 3634 In
1034 3586 1188 3634 titulo
1225 3602 1433 3650 quoque
1459 3588 1796 3651 Thyatirensi
1832 3586 1941 3649 (46)
1978 3588 2043 3634 ad
2081 3587 2380 3650 exemplum
2416 3587 2639 3635 aliorum
2677 3596 2728 3634 et
2764 3589 2844 3634 dei
2883 3596 2934 3634 et
2969 3587 3297 3650 imperatoris
3334 3603 3525 3635 nomen
3564 3602 3806 3636 unacum
3832 3588 4031 3636 techni·

525 3663 698 3704 tarum
736 3663 1236 3703 commemoratione
1273 3653 1618 3717 supplendum
1655 3670 1767 3703 esse
1805 3664 2038 3718 apparet.

839 3719 898 3786 19)
935 3720 999 3768 62
1021 3731 1072 3770 et
1089 3722 1178 3771 63:
1207 3715 1383 3789 ἱερέως
1408 3760 1419 3770 .
1442 3761 1452 3771 .
1474 3762 1486 3772 .
1513 3719 1570 3771 ἐκ
1592 3722 1885 3785 uffart-'31¹3
1911 3724 1975 3767 155)
1998 3738 2042 3769 v.
2073 3722 2130 3770 17
2152 3738 2221 3770 ιε
2250 3720 2312 3769 τὸ
2340 3758 2350 3768 .
2370 3759 2382 3771 .
2407 3756 2420 3769 .
2445 3719 2801 3785 τέμενος-[τοῖν]
2827 3716 2938 3771 ἀπὸ
2963 3719 3058 3785 τῆς
3083 3713 3393 3786 οἰκουμένης
3417 3720 3715 3785 τεχνειτοῖη
3741 3721 3845 3772 ibd.
3867 3739 3914 3771 v.
3937 3722 3995 3769 21
4019 3739 4030 3769 :

529 3783 586 3838 οἰ
609 3786 931 3853 ἑπὶ“Ρω’μης
954 3790 1225 3853 τεχνεῖται.
1282 3791 1661 3852 Inscriptiones
1697 3791 1761 3839 75)
1782 3808 1827 3840 v.
1852 3792 1885 3839 8
1907 3800 1957 3836 et
1977 3789 2043 3838 ΗΟ
2081 3788 2189 3851 (no,
2215 3787 2303 3852 22)
2341 3789 2494 3837 nimis
2518 3787 2721 3837 lacerae
2746 3798 2884 3849 sunt,
2924 3805 3079 3850 quam
3104 3802 3159 3838 ut
3201 3801 3397 3839 certum
3417 3791 3665 3839 iudicium
3705 3790 3812 3837 fieri
3839 3790 4028 3852 possit.

528 3854 607 3907 Cf.
634 3856 1008 3906 (nnn-176:
1050 3851 1139 3905 διὰ
1176 3856 1503 3922 πρεσβευτοῦ
1538 3861 1624 3905 καὶ
1659 3858 1943 3920 τεχνείτου.

832 3924 896 3987 ²⁰)
937 3925 1019 3975 Cf.
1056 3926 1116 3975 A.
1152 3926 1506 3992 Μουσηγέτην
1540 3924 1839 3987 (MDAJIH
1879 3942 1925 3988 p.
1957 3922 2089 3986 161).
2131 3919 2423 3989 ἐναγώνιον
2459 3923 2809 3983 (MDAJXIX
2847 3941 2894 3983 p.
2926 3922 3030 3986 37).

832 3994 897 4049 ²¹)
938 3992 1019 4039 De
1056 3994 1283 4047 Bacch0,
1324 3994 1411 4055 qui
1449 3993 1637 4042 dicitur
1670 3992 2013 4059 καθηγεμὼν,
2052 4009 2099 4043 v.
2126 3992 2157 4042 i.
2184 4009 2235 4055 p.
2276 3990 2355 4049 10,
2393 3993 2456 4039 de
2493 3992 2719 4039 Bresaco
2757 4008 2808 4054 p.
2846 3991 2930 4039 22.

832 4060 899 4123 ²2)
938 4062 1015 4107 Cf.
1046 4060 1216 4112 Strab.
1242 4061 1371 4110 x1v
1401 4063 1456 4117 1,
1495 4060 1561 4109 29
1586 4078 1634 4124 p.
1661 4062 1759 4110 613
1782 4065 1842 4119 C,
1881 4063 1944 4108 de
1982 4075 2085 4122 quo
2121 4061 2244 4107 loco
2283 4072 2332 4110 v,
2358 4060 2393 4106 i.
2414 4076 2460 4121 p.
2495 4060 2571 4109 10.

834 4128 899 4187 ²³)
934 4129 1116 4189 Itaque
1152 4130 1216 4175 dc
1257 4129 1497 4189 collegiis
1534 4129 1663 4190 ipsis
1702 4145 1768 4176 ex
1803 4128 2144 4192 scriptoribus
2190 4127 2319 4175 nihil
2361 4128 2466 4174 scre
2503 4127 2623 4173 elici
2671 4134 2860 4189 potest.
2901 4122 2956 4175 οἰ
2987 4144 3044 4177 π.
3067 4144 3115 4176 τ.
3153 4129 3216 4175 A.
3251 4127 3480 4189 τεχνῖται
3516 4134 4026 4173 commemorantur:

537 4193 718 4256 Polyb.
750 4195 826 4251 16,
850 4196 933 4255 21,
960 4195 1018 4259 83
1054 4197 1189 4246 Plut.
1219 4197 1421 4245 Cleom.
1456 4197 1534 4253 1⁶2,
1563 4195 1687 4248 Ant.
1714 4198 1795 4251 56,
1820 4198 1902 4255 37,
1928 4197 2072 4245 Brut.
2102 4197 2182 4253 21,
2223 4194 2373 4245 Atat.
2395 4196 2476 4251 53,
2515 4196 2640 4243 Luc,
2663 4196 2749 4249 29,
2777 4194 2905 4244 Suu,
2931 4196 3022 4253 263
3063 4195 3259 4242 Athen.
3291 4195 3334 4241 V
3357 4196 3510 4249 1980,
3548 4194 3647 4241 212
3663 4197 3713 4250 d,
3755 4194 3832 4241 IX
3849 4194 4031 4249 -107b;

530 4260 741 4309 Aelian.
770 4265 832 4310 de
856 4264 1011 4314 anim.
1038 4264 1227 4321 xl193
1282 4262 1486 4315 Gellius
1514 4264 1575 4312 N.
1603 4263 1668 4314 A.
1696 4266 1811 4321 XX,
1848 4265 1897 4312 4.
1954 4291 2015 4300 —
2074 4264 2154 4311 De
2210 4278 2339 4310 voce
2395 4261 2625 4325 τεχνῖται
2678 4264 2816 4310 nude
2861 4265 2998 4325 apud
3038 4262 3322 4324 scriptores
3359 4262 3534 4324 posita
3569 4263 3634 4311 cf.
3677 4262 4028 4309 Luedersium

537 4332 610 4392 (p.
635 4331 697 4377 61
727 4332 845 4378 adn.
876 4330 1012 4391 111).
1050 4332 1137 4393 qui
1177 4333 1571 4381 accuratissime
1595 4335 1862 4393 quomodo
1902 4332 2009 4378 alia
2044 4346 2252 4393 quoqne
2290 4330 2534 4377 liberiore
2570 4329 2776 4378 dicendi
2815 4332 3019 4378 ratione
3044 4330 3326 4392 scriptores
3364 4329 3590 4378 artifices
3616 4329 4030 4388 significaverint

530 4397 767 4461 exponit,
806 4396 947 4445 velut
977 4394 1299 4462 θυμελικοὺς
1334 4396 1681 4465 ἀνθρώπους,
1718 4400 1841 4451 τούς
1876 4402 1999 4463 περὶ
2032 4399 2130 4462 τήν
2165 4398 2363 4463 σκηνήν
2397 4396 2467 4445 al.

835 4464 905 4529 2ὓ)
943 4466 1004 4513 In
1032 4467 1195 4515 titulis
1230 4484 1439 4530 quoque
1474 4483 1579 4515 vox
1602 4468 1831 4530 τεχνῖται
1868 4481 2247 4528 nonnunquam
2285 4467 2359 4513 ita
2380 4465 2622 4523 occurrit,
2659 4472 2716 4512 ut
2745 4478 2850 4511 non
2890 4467 2955 4513 de
2980 4472 3124 4512 certo
3151 4466 3379 4525 quodam
3416 4463 3643 4522 collegio
3670 4461 4026 4516 intellegenda

530 4534 624 4593 εἰη
664 4535 731 4583 cf.
767 4533 846 4581 CJ
855 4530 907 4583 G
933 4534 1079 4589 1845,
1107 4534 1492 4595 Dittenberger,
1530 4534 1746 4598 Sylloge
1785 4536 1885 4582 38³
1908 4551 1949 4583 v.
1977 4535 2058 4591 73,
2083 4535 2165 4593 97,
2192 4533 2371 4582 titulos
2430 4529 2680 4581 Deliacos
2729 4532 2930 4581 BCHII
2954 4549 3003 4594 p.
3030 4532 3129 4582 570
3154 4548 3253 4589 ss.;
3302 4533 3376 4579 VI
3397 4547 3448 4594 p.
3469 4533 3563 4587 ’ἕξις
3603 4531 3734 4579 xlv
3771 4547 3818 4593 p.
3839 4530 3939 4577 415»
3959 4546 4028 4577 ss.

832 4598 902 4665 2·”)
940 4600 994 4648 4:
1047 4594 1103 4649 οἱ
1131 4603 1361 4667 τεχνῖται
1390 4599 1689 4667 ’Λρίβαζον
1720 4596 1980 4650 Σελεύκου
2015 4602 2306 4665 ῙῙειραιι-ἀς
2385 4601 2472 4650 14:
2531 4598 2652 4648 Τῶν
2699 4595 2755 4648 ἓν
2787 4595 2998 4664 Ἰσθμῷ
3048 4603 3134 4648 καὶ
3169 4600 3351 4662 Νεμέᾳ
3399 4598 3662 4663 τεχνιτῶν.
3714 4623 3767 4633 --
3805 4600 3900 4647 23:
3947 4594 4032 4646 ἐπὶ

531 4663 708 4737 ἱερέως
740 4666 846 4718 τῶν
873 4667 1114 4717 Μουσῶν
1135 4709 1147 4718 .
1178 4708 1191 4718 .
1219 4708 1233 4722 .
1258 4668 1368 4719 ἀπὸ
1393 4665 1451 4720 δὲ
1472 4670 1739 4734 τεχνιτῶνς
1766 4669 1830 4717 62
1855 4680 1906 4718 et
1931 4670 2023 4717 63:
2050 4662 2227 4736 ἱερέως
2250 4708 2263 4721 .
2292 4705 2307 4720 .
2337 4708 2350 4720 .
2375 4665 2430 4716 ἐκ
2453 4664 2737 4731 τεχνειτυῖν.
2763 4667 2844 4717 Cf.
2871 4668 2960 4716 16:
3001 4661 3058 4716 οἱ
3081 4683 3137 4715 π.
3158 4684 3203 4715 τ.
3229 4672 3288 4716 Δ.
3311 4684 3360 4715 τ.
3387 4704 3399 4715 .
3421 4705 3433 4717 .
3458 4704 3469 4714 .
3495 4660 3638 4733 ἱερέα
3659 4663 3752 4727 τῆς
3775 4659 4031 4722 συνόδους

531 4737 621 4787 7οτ
663 4730 719 4786 οἶ
735 4753 794 4789 π.
816 4753 865 4787 τ.
891 4737 949 4785 Δ.
975 4776 987 4787 .
1016 4773 1029 4784 .
1062 4774 1073 4784 .
1108 4736 1204 4785 τὸν
1226 4776 1239 4788 .
1266 4775 1278 4787 .
1306 4776 1317 4786 .
1343 4737 1437 4802 τῆς
1469 4755 1514 4786 σ.
1552 4734 1829 4805 ἀρχιερὲἱα.
1908 4738 1969 4785 In
2020 4736 2184 4785 titulis
2226 4737 2533 4796 agonisticis
2573 4734 2792 4799 Delphis
2829 4736 3048 4798 repertis
3085 4731 3645 4797 (lVest-her-Foucart,
3687 4733 3929 4798 Ins-cripi.
3969 4731 4035 4779 de

537 4802 759 4869 Delphos
811 4820 899 4856 no,
922 4804 1058 4853 3-6
1100 4825 1147 4844 -τ
1170 4805 1402 4854 Lucders
1449 4821 1538 4857 no,
1573 4804 1690 4870 112)
1741 4804 1865 4853 nihil
1925 4805 2023 4853 nisi
2070 4796 2247 4871 ἱερέως
2295 4798 2352 4853 δὲ
2401 4797 2701 4852 Φιλωνίδου
2750 4803 2957 4861 legitur.
3030 4804 3110 4851 Cf.
3146 4802 3366 4851 CJAIII
3405 4802 3532 4853 476:
3582 4795 3673 4851 διά
3709 4798 4032 4869 πρεσβευτοῦ

532 4876 619 4921 καὶ
640 4872 902 4936 τεχνείτου
940 4912 953 4924 .
978 4908 989 4918 .
1021 4909 1034 4921 .
1073 4868 1158 4920 ἐπὶ
1182 4865 1358 4937 ἱερέως
1395 4912 1406 4922 .
1435 4910 1450 4925 .
1474 4910 1489 4925 .
1526 4875 1805 4922 Praeterea
1828 4887 1875 4923 v,
1913 4873 2010 4921 45:
2056 4866 2111 4920 οἱ
2142 4876 2263 4937 περὶ
2297 4872 2394 4921 τόν
2429 4871 2653 4938 Βρεισέα
2689 4874 2748 4919 A.
2785 4870 3077 4935 τεχνεῖτΙαι.

836 4940 904 5004 ²⁶)
943 4940 1025 4989 Cf,
1065 4940 1219 4987 etiam
1258 4940 1453 4997 titulos,
1491 4941 1581 4989 ubi
1618 4942 1855 4989 variandi
1892 4942 2152 4989 sermonis
2189 4955 2350 4989 causa
2386 4939 2605 4999 singulis
2641 4948 2842 4987 tantum
2865 4939 3008 4995 locis,
3045 4939 3281 5001 quamvis
3306 4936 3634 4986 sollemniter
3658 4941 3723 4988 de
3749 4934 4036 4985 artificibus

532 5016 735 5067 agatur,
764 5008 969 5057 brevius
993 5006 1123 5056 illud
1150 5000 1205 5056 οἱ
1226 5021 1286 5058 π.
1309 5023 1355 5056 τ.
1382 5008 1442 5058 Δ.
1464 5010 1694 5072 τεχνῖται
1731 5009 2048 5057 inveniatur:
2089 5007 2154 5054 ‘28
2180 5024 2225 5059 v.
2256 5008 2312 5064 1;
2352 5004 2436 5065 [30
2459 5024 2505 5057 v.
2528 5006 2638 5071 29];
2678 5007 2743 5056 33
2769 5023 2815 5055 v.
2845 5006 2899 5065 13
2948 5008 3012 5055 31
3041 5022 3086 5056 v.
3117 5006 3163 5055 1.
3237 5007 3318 5054 De
3357 5006 3583 5055 formula
3608 5000 3665 5056 οἱ
3687 5044 3698 5055 .
3729 5042 3741 5054 .
3767 5041 3778 5051 .
3811 5002 4040 5064 τεχνῖται

531 5080 619 5125 καὶ
656 5068 712 5125 οἱ
741 5076 840 5139 τήν
880 5111 895 5125 .
922 5116 934 5127 .
962 5118 971 5126 .
1011 5068 1240 5125 σύνοδον
1274 5074 1517 5139 νέμοντες
1557 5078 1643 5137 (3-1
1667 5093 1714 5126 v,
1747 5077 1797 5141 13
1836 5077 1922 5141 7-1)
1960 5093 2006 5125 v.
2034 5077 2065 5124 i.
