4550 5734
2336 346 2412 405 14

620 545 996 619 honorandis»,
1039 555 1160 604 tum
1218 544 1677 604 additamentum
1724 542 2170 607 συντελούντων
2213 548 2281 608 δὲ
2324 551 2447 608 κτλ.
2491 559 2792 626 tantopere
2837 549 3145 626 respondet
3163 548 3243 626 7²)
3301 549 3470 606 alteri
3515 547 3604 605 illi
3652 554 3761 625 τῆς
3803 550 3864 609 ἐν
3894 547 4092 629 Ἄργει

620 626 902 700 συνόδου,
946 640 1011 688 111
1055 651 1168 689 606
1214 630 1384 687 aliter
1428 628 1841 708 explicandum
1886 649 2011 688 esse
2052 630 2337 691 videatur.
2426 631 2688 691 Verbum
2731 652 2868 690 vero
2914 636 3217 693 συντελεῖν
3259 630 3334 690 (16
3377 632 3460 690 eis
3502 640 3637 708 apte
3662 634 3947 710 usurpari,
3994 635 4095 710 qui

619 714 931 792 participes
984 715 1100 772 sint
1149 714 1443 771 societatis
1507 712 1835 780 cuiusdam,
1892 713 2097 772 lexicis
2152 713 2546 783 (1066166173).
2633 715 2714 771 At
2755 716 2969 792 quibus
3012 716 3085 772 de
3128 716 3316 773 causis
3356 716 3416 773 in
3463 715 3579 771 illis
3622 715 3804 773 titulis
3846 716 4097 774 formula

617 798 850 872 legatur
892 793 1341 858 συντελούντων
1394 796 1460 857 (ἱέ
1503 800 1647 868 κτλ.,
1689 798 1749 854 in
1792 797 2016 872 Argiva
2056 802 2163 876 τῆς
2212 843 2225 857 .
2258 843 2270 855 .
2304 846 2317 858 .
2363 797 2627 859 συνόδου
2674 818 2830 856 nunc
2872 800 3200 877 perspicere
3242 819 3357 856 non
3389 790 3715 877 possumus,
3757 803 4094 877 praesertim

619 900 749 938 cum
794 881 998 958 negari
1040 901 1156 938 non
1199 881 1383 959 possit
1427 899 1627 938 omnes
1672 899 1801 939 esse
1843 879 2058 938 eisdem
2118 882 2476 960 temporibus
2518 881 2936 952 attribuendae,
2993 883 3097 940 has
3139 880 3395 940 secundo
3441 892 3499 939 et
3538 882 3724 960 primo
3767 903 3816 939 a.
3859 883 3997 942 Chr.
4038 904 4093 943 u.

619 965 889 1037 saeculiS,
925 964 1209 1040 Argivam
1254 983 1407 1020 anno
1453 984 1503 1020 a.
1549 961 1686 1024 Chr.
1730 985 1788 1021 n.
1836 968 1952 1022 113
1997 964 2091 1035 (61.
2123 965 2481 1037 Reischium,
2522 986 2577 1043 p.
2608 968 2685 1024 78
2730 963 2861 1023 adn.
2892 966 2975 1040 4).

918 1048 1151 1115 Restat,
1212 1056 1276 1103 ut
1317 1046 1392 1104 de
1437 1046 1620 1105 titulis
1662 1046 2011 1125 quibusdam
2057 1047 2355 1106 Isthmiaci
2403 1060 2466 1105 ut
2507 1047 2741 1105 videtur
2786 1048 3018 1125 collegii
3060 1048 3439 1120 disseramuS,
3499 1048 3558 1105 in
3605 1047 3818 1125 quibus
3863 1050 4096 1127 propria

619 1130 906 1208 quaedam
939 1130 1172 1188 dicendi
1213 1131 1358 1189 ratio
1389 1130 1734 1189 inveniatur.
1822 1133 1914 1187 Ac
1959 1131 2208 1208 primum
2253 1131 2486 1209 quidem
2525 1133 2634 1189 viri
2673 1131 2826 1189 docti
2864 1132 2961 1206 (cf.
2995 1131 3372 1199 Muellerum,
3417 1152 3470 1209 p.
3505 1134 3623 1190 393
3668 1129 3798 1191 adn.
3834 1134 3898 1203 7)
3945 1142 3984 1192 t.
4015 1138 4092 1190 22

618 1235 675 1274 v.
712 1218 786 1273 1⁶2
817 1213 893 1271 ad
923 1214 1259 1291 exemplum
1280 1215 1430 1271 alius
1453 1210 1587 1292 (27)
1608 1214 1782 1271 etiam
1806 1215 1990 1289 magis
2012 1217 2215 1272 incerti
2234 1216 2333 1286 Ἡ),
2364 1214 2434 1272 (16
2465 1235 2579 1293 quo
2611 1215 2851 1293 posthac
2873 1214 3147 1287 dicemus,
3178 1217 3332 1273 hunc
3353 1216 3412 1272 in
3446 1213 3681 1272 modum
3707 1215 4097 1285 restituerunt,

619 1317 792 1375 quem
838 1300 1165 1375 nuperrime
1191 1298 1547 1355 Pomtowius
1578 1294 1903 1374 (Flet-heis.
1937 1295 2146 1356 Jahrb.
2174 1302 2337 1357 1894
2369 1320 2422 1377 p.
2454 1300 2600 1375 557)
2637 1297 2826 1356 denuo
2857 1299 3159 1378 probavit:
3188 1296 3258 1360 τὸ
3293 1295 3497 1357 κοινὸν
3521 1304 3642 1358 τῶν
3669 1303 3952 1377 τεχνιτῶν
3975 1304 4096 1358 τῶν

629 1379 792 1453 εἷςἸ.
824 1381 907 1455 [κ.
940 1384 1022 1441 Ν.
1059 1376 1521 1450 συντελούντων,
1569 1380 1876 1439 Reischius
1921 1401 2058 1440 vero
2104 1387 2186 1460 (p.
2215 1386 2292 1440 79
2336 1381 2468 1439 adn.
2501 1386 2565 1455 4)
2610 1383 2903 1460 supplevit
2943 1380 3008 1442 τὸ
3058 1408 3107 1443 κ.
3154 1389 3275 1443 τῶν
3315 1404 3466 1459 τεχν.
3511 1385 3631 1441 τῶν
3673 1384 3757 1454 εἰς
3781 1379 3839 1443 Ἰ.
3872 1379 3954 1460 [κ.
3991 1385 4089 1452 N,

620 1459 1067 1525 συντελούντων
1110 1465 1177 1525 de*
1216 1465 1277 1525 ἓν
1306 1468 1432 1525 κτλ.
1519 1463 1687 1536 Quae
1732 1464 1986 1522 Reischii
2032 1469 2367 1524 coniectura
2411 1469 2674 1543 quamvis
2719 1468 3066 1543 comparatis
3096 1468 3281 1524 titulis
3325 1484 3470 1542 quos
3511 1464 3680 1523 modo
3723 1467 4097 1523 tractavimus

618 1547 1071 1618 commendetur,
1113 1556 1309 1605 tamen
1355 1548 1494 1625 quia
1537 1567 1668 1605 cum
1713 1551 1795 1606 eis
1851 1568 2002 1625 quae
2044 1550 2399 1607 Pomtowius
2462 1550 2537 1607 ad
2583 1551 3235 1627 10161111666111111066111
3290 1548 3677 1626 supplendam
3719 1550 4094 1623 sagacissime

617 1632 972 1707 excogitavit
1012 1651 1129 1689 non
1176 1632 1464 1702 convenit,
1506 1651 1663 1689 nunc
1684 1631 1979 1690 reicienda
2001 1643 2105 1691 est.
2190 1632 2260 1691 Id
2306 1653 2485 1691 unum
2533 1634 2838 1690 Pomtowii
2883 1653 3000 1692 non
3043 1630 3180 1691 satis
3222 1634 3432 1712 placet,
3474 1631 3631 1709 quod
3674 1632 3819 1689 alios
3864 1646 4096 1690 secutus

616 1713 843 1772 addidit
880 1710 1344 1784 συντελούντων,
1391 1713 1544 1791 quod
1589 1717 1635 1773 si
1678 1716 1995 1773 omittimus
2051 1717 2255 1775 melior
2313 1717 2380 1774 fit.
2422 1736 2676 1775 conexus
2735 1715 3045 1775 verborum
3067 1718 3165 1793 ⁶⁸⁵).
3253 1718 3464 1792 ltaque
3524 1716 3805 1773 habemus
3860 1717 3921 1773 in
3986 1717 4094 1773 hoe

616 1798 787 1855 titulo
829 1799 1047 1857 saeculi
1102 1797 1354 1870 tertiils’)
1400 1798 1710 1856 formulam
1765 1798 1938 1856 etiam
1992 1800 2222 1858 facilius
2274 1799 2683 1879 explicandam
2741 1797 2834 1876 (τό
2892 1824 2944 1860 κ.
3001 1805 3123 1860 τῶν
3179 1822 3333 1877 τεχν.
3390 1804 3511 1859 τῶν
3567 1801 3678 1870 εἰς
3730 1796 3791 1859 Ἰ.
3851 1823 3905 1858 κ.
3969 1796 4091 1875 Ν.),

618 1881 834 1960 quippe
887 1902 1003 1959 qua
1044 1880 1403 1957 significetur
1444 1882 1696 1940 artifices
1739 1882 1871 1939 illos
1915 1881 1989 1940 ad
2034 1882 2200 1942 ludos
2246 1883 2626 1943 celebrandos
2667 1885 2727 1941 in
2774 1882 3062 1940 Isthmum
3107 1894 3166 1942 et
3209 1884 3490 1940 Nemeam
3537 1881 3822 1959 profectos
3865 1902 4007 1942 esse.

916 1966 1000 2021 At
1041 1964 1115 2022 de
1157 1965 1341 2023 altero
1381 1964 1550 2022 titulo
1596 1965 1732 2042 (27)
1777 1964 2036 2025 delibero
2080 1987 2154 2024 an
2185 1978 2370 2025 artem
2413 1966 2705 2025 nesciendi
2737 1984 3009 2024 exercere
3053 1976 3322 2045 praestet.
3412 1965 3897 2040 Dittenbergerus
3939 1966 4089 2023 enim

613 2049 863 2106 restituit
904 2042 1021 2128 [Τὸ
1069 2072 1123 2110 κ.
1144 2052 1267 2107 τῶν
1294 2074 1356 2107 τι.
1388 2073 1442 2109 τ.
1473 2044 1579 2128 A.]
1619 2053 1629 2119 Ι
1671 2045 2007 2127 [repremit-lv
2030 2056 2153 2110 τῶν
2170 2047 2556 2129 εἷςἸσθῇιιόν
2585 2051 2712 2124 καὶ]
2755 2052 2764 2120 Ι
2805 2044 2956 2130 [εἰς]
2995 2050 3249 2127 Πιερίαν
3292 2044 3764 2127 συντελούν[των
3795 2092 3983 2111 .....
3987 2043 4006 2130 ]
4046 2054 4055 2117 Ι

615 2127 1013 2213 Ζευ[ξ]ίππου
1052 2134 1210 2201 κτλ.;
1256 2133 1601 2189 Foucartius
1640 2151 1776 2189 vero
1815 2153 1922 2210 pro
1953 2133 2215 2212 Πιερίαν
2256 2133 2573 2210 legendum
2609 2135 2906 2212 proposuit
2939 2127 3026 2211 (p.
3059 2135 3161 2208 27)
3193 2132 3450 2209 Νεμέαν,
3498 2151 3673 2210 quam
3701 2134 4091 2191 coniecturam

616 2235 848 2293 prorsus
892 2216 1086 2292 specie
1130 2214 1653 2274 verisimilitudinis
1694 2230 1989 2274 carentem
2033 2217 2459 2295 reprobandam
2504 2237 2632 2276 esse
2675 2229 2919 2295 apparet
2961 2216 3057 2290 (cf.
3082 2216 3436 2288 Reischium,
3476 2236 3534 2293 p.
3569 2218 3644 2273 78
3671 2216 3803 2275 adn.
3829 2218 3914 2289 4).
4003 2218 4092 2273 Α6

614 2318 688 2356 ne
739 2317 811 2357 ea
852 2298 1089 2377 quidem
1127 2316 1276 2375 quae
1317 2298 1805 2375 Dittenbergerus
1858 2301 2181 2380 proposuit,
2240 2301 2408 2359 nobis
2464 2300 2712 2379 placent.
2801 2302 2865 2359 Si
2910 2301 3062 2358 enim
3122 2309 3236 2357 tres
3290 2318 3493 2356 versus
3555 2300 3773 2376 priores
3832 2298 4092 2358 eiusdem

616 2381 999 2459 longitudinis
1027 2383 1086 2438 in
1116 2381 1312 2458 lapide
1335 2381 1513 2440 fuisse
1541 2402 1883 2442 censeamus
1911 2394 2087 2461 atque
2118 2398 2454 2462 sequentem
2486 2393 2755 2463 quartum
2788 2384 2889 2462 qui
2917 2383 3086 2441 nobis
3116 2392 3381 2441 servatus
3413 2393 3518 2453 est,
3547 2402 3750 2460 parum
3787 2383 4093 2460 probabile

615 2467 689 2523 sit
730 2476 863 2562 post
904 2461 1378 2545 συντελούν[των
1420 2468 1595 2524 trium
1640 2468 1762 2524 fere
1806 2466 2128 2525 litterarum
2174 2471 2429 2546 spatium
2472 2467 2547 2525 ad
2595 2488 2805 2526 nomen
2850 2466 3267 2525 restituendum
3314 2485 3635 2543 superesse.
3725 2465 3872 2524 Cum
3916 2468 4095 2542 igitur

615 2569 852 2608 omnino
896 2567 1100 2606 versus
1144 2551 1261 2608 sint
1302 2547 1569 2608 diversae
1596 2550 1990 2626 longitudiniS,
2033 2551 2305 2629 equidem
2349 2571 2558 2609 censeo
2589 2551 2735 2609 duos
2780 2552 2999 2630 priores
3029 2550 3226 2627 paullo
3255 2549 3546 2624 longiores
3591 2548 3784 2619 fuisse,
3833 2549 4092 2607 eiusdem

613 2633 735 2691 fere
778 2631 1158 2708 longitudinis
1201 2644 1376 2710 atque
1424 2635 1710 2691 ultimum.
1798 2634 2089 2708 Quocirca
2129 2654 2224 2706 ea,
2276 2655 2428 2712 quae
2475 2635 2961 2710 Dittenbergerus
3024 2634 3320 2713 supplevit
3361 2636 3514 2690 inter
3569 2652 3799 2690 versum
3843 2634 4092 2711 primum

615 2727 673 2772 et
714 2715 1034 2773 secundum
1080 2735 1347 2794 quaeque
1393 2738 1522 2775 cum
1569 2717 1846 2776 formulas
1891 2718 1953 2790 ἐξ
1976 2715 2039 2775 Ἴ.
2074 2742 2125 2778 κ.
2162 2721 2241 2777 Ν.
2267 2731 2326 2776 61
2356 2716 2442 2778 ἐπ’
2487 2716 2717 2790 Ἰωνίας
2759 2719 2855 2778 καὶ
2878 2711 3341 2797 (Ελλῃσπόντου
3388 2728 3446 2773 61
3472 2715 3683 2774 similia
3713 2718 4094 2795 respeximuS,

614 2811 853 2879 propter
895 2800 1201 2877 repetitam
1232 2801 1718 2878 praepositionem
1762 2819 1836 2859 ne
1864 2800 2201 2859 verisimilia
2244 2801 2480 2879 quidem
2513 2800 2802 2872 videntur,
2849 2801 3032 2880 accipi
3077 2821 3196 2859 non
3222 2809 3480 2879 possunt.
3567 2798 3857 2876 Equidem
3890 2801 4095 2878 opinor

613 2897 743 2960 post
777 2882 1033 2960 Ἰσθμὸν
1074 2882 1404 2942 addendum
1450 2904 1575 2942 esse
1617 2885 1713 2945 καὶ
1760 2884 2026 2962 Νεμέαν,
2069 2885 2283 2963 quibus
2322 2885 2661 2962 regionibus
2690 2897 2845 2942 certo
2889 2885 3140 2962 quodam
3186 2882 3374 2956 modu,
3418 2902 3593 2961 quem
3638 2883 3932 2962 explicare
3977 2903 4092 2941 non

612 2986 949 3044 possumus,
1003 2967 1062 3024 in
1107 2967 1217 3025 hoc
1258 2968 1428 3025 titulo
1470 2978 1535 3026 ut
1576 2968 1808 3026 videtur
1847 2969 2174 3045 antiquiore
2228 2970 2464 3027 tertium
2506 2968 2654 3026 illud
2698 2970 2794 3028 καὶ
2842 2969 3104 3047 Πιερίαν
3145 2966 3513 3043 adiungatur.
3602 2968 3772 3040 Quae
3814 2969 3863 3025 si
3907 2969 3990 3025 ita
4031 2986 4093 3024 sc

614 3050 861 3120 habent,
923 3048 1357 3108 concedendum
1421 3050 1656 3128 quidem
1717 3064 1804 3109 est
1858 3052 2104 3109 verbum
2167 3056 2470 3114 συντελεῖν
2525 3053 2726 3131 paullo
2785 3053 2961 3109 aliter
3021 3052 3290 3129 usurpari
3346 3062 3524 3129 atque
3584 3052 3644 3109 in
3712 3052 3916 3108 ceteris
3976 3051 4093 3109 illis

609 3133 1081 3213 inscriptionibus
1098 3134 1119 3172 Ἰ
1130 3133 1200 3205 ²).

910 3217 1037 3274 Iam
1080 3218 1128 3274 si
1160 3227 1317 3276 recte
1359 3238 1395 3274 a
1418 3215 1584 3275 nobis
1608 3216 1965 3296 disputatum
2010 3229 2099 3277 est
2126 3231 2347 3276 certum
2390 3218 2683 3297 quoddam
2718 3213 2921 3278 κοινόν
2950 3218 3130 3275 fuisse
3162 3217 3418 3274 omnium
3463 3216 3692 3275 illarum
3737 3218 4093 3285 societatum,

613 3320 764 3378 quae
796 3312 990 3358 essent
1017 3300 1243 3359 Thebis
1289 3300 1528 3380 Opunte
1567 3299 1848 3359 Chalcide
1904 3304 2099 3377 Argis,
2147 3301 2387 3360 difficile
2418 3314 2505 3361 est
2531 3303 2848 3380 explicatu,
2895 3302 3068 3378 quale
3092 3301 3339 3365 alterum
3371 3300 3685 3375 collegium
3718 3301 4088 3368 Thebanum,

612 3384 767 3462 quod
812 3383 1022 3442 dicitur
1064 3404 1179 3442 uno
1222 3385 1349 3443 loco
1391 3384 1524 3462 (25)
1567 3383 1636 3444 τὸ
1684 3382 1888 3445 κοινὸν
1926 3391 2049 3446 τῶν
2095 3411 2158 3445 τι.
2203 3410 2253 3446 τ.
2301 3387 2380 3446 A.
2425 3390 2706 3464 τεχνιτῶν
2747 3391 2869 3445 τῶν
2913 3385 2975 3445 ἐν
3024 3381 3280 3461 Θήβαις,
3332 3385 3524 3444 fuerit.
3610 3382 3799 3456 Quem
3857 3384 4088 3440 titulum

611 3488 742 3525 cum
787 3469 1019 3527 saeculo
1064 3488 1115 3525 a.
1147 3466 1286 3529 Chr.
1332 3467 1587 3525 secundo
1617 3467 2050 3526 attribuendum
2097 3489 2223 3527 esse
2247 3469 2739 3544 Dittenbergerus
2783 3467 3065 3533 docuerit,
3112 3468 3185 3525 de
3217 3480 3541 3545 temporum
3582 3478 3809 3524 tantum
3838 3464 4088 3540 quadam

611 3549 949 3609 diversitate
995 3551 1239 3627 cogitari
1280 3572 1396 3610 non
1441 3561 1648 3629 potest.
1733 3551 2177 3610 Accedemusne
2235 3554 2414 3628 igitur
2456 3552 2530 3609 ad
2575 3553 2834 3610 Reischii
2880 3556 2958 3627 (p.
2993 3554 3068 3609 75
3114 3551 3249 3608 adn.
3279 3555 3314 3609 5
3362 3566 3420 3607 et
3459 3571 3514 3627 p.
3543 3554 3682 3626 107)
3727 3550 4090 3622 aliorumque

609 3634 969 3706 sententiam,
1011 3635 1111 3712 qui
1138 3633 1253 3691 duo
1276 3634 1507 3694 diversa
1529 3635 1777 3710 collegia
1806 3636 2035 3693 Thebis
2062 3635 2240 3693 fuisse
2267 3634 2546 3693 censent?
2635 3633 2919 3712 Equidem
2951 3635 3050 3692 vix
3082 3634 3444 3692 crediderim.
3532 3633 3755 3706 Quodsi
3786 3627 4078 3707 quomodo

610 3717 705 3774 vel
748 3719 809 3775 in
851 3718 1021 3775 huius
1052 3717 1283 3794 collegii
1326 3718 1510 3776 titulis
1537 3720 1681 3775 ratio
1726 3717 1958 3777 dicendi
1984 3716 2264 3797 va1·iet'³⁸)
2309 3717 2880 3789 consideraverimuS,
2927 3738 3122 3775 60666
3147 3719 3255 3775 1106
3297 3736 3530 3795 quoque
3560 3720 3700 3786 loce,
3748 3733 3862 3790 quo
3894 3722 4086 3769 statua

915 3850 981 3911 ²²)
1022 3853 1139 3900 Uno
1180 3851 1384 3912 quidem
1410 3848 1530 3901 loco
1558 3850 1691 3899 tituli
1721 3849 2080 3901 Chalcidensis
2120 3851 2199 3911 (31
2236 3869 2283 3899 v.
2305 3850 2359 3914 9)
2396 3867 2498 3901 non
2527 3852 2653 3899 satis
2681 3860 2820 3898 certo
2847 3850 3000 3897 ctiam
3027 3850 3244 3907 legimus
3279 3849 3371 3911 τῆς
3396 3845 3477 3914 ἑ[γ
3503 3838 3792 3910 Χ]α[λκίὸι
3816 3838 4088 3908 συνόδου].

918 3916 980 3982 ⁷³)
1015 3919 1321 3966 Tenendum
1358 3920 1564 3979 quidem
1599 3932 1678 3966 est
1712 3919 2150 3981 praepositionem
2188 3911 2260 3972 εἰς
2299 3930 2419 3982 post
2451 3919 2578 3968 illud
2618 3913 2875 3966 συντελεῖν
2911 3932 3022 3964 esse
3049 3919 3467 3978 exspectandam.
3537 3915 3620 3963 Illi
3659 3928 3780 3959 vero
3818 3913 4084 3960 titulorum

610 3986 713 4034 loci
749 3986 822 4034 ita
862 3986 1149 4049 comparati
1196 3995 1341 4041 sunt,
1394 3995 1450 4033 ut
1494 3981 1753 4035 συντελεῖν
1798 3986 2034 4035 absolute
2069 3988 2138 4035 sit
2184 3988 2540 4049 accipiendum
2591 3998 2682 4035 aut
2736 3977 2809 4038 εἷς
2841 3980 2906 4035 Ἰ.
2945 4002 2988 4032 κ.
3029 3986 3097 4032 Ν.
3137 3986 3320 4031 iterum
3365 3981 3795 4039 intellegendum,
3848 3982 3929 4028 cui
3979 3982 4082 4027 loci

610 4054 805 4102 mentio
843 4056 1024 4102 eodem
1061 4056 1218 4101 modo
1256 4054 1582 4114 adiungatur,
1629 4062 1686 4101 ut
1724 4068 1820 4101 nos
1857 4055 2026 4103 dicere
2061 4066 2362 4115 possumus:
2411 4053 2559 4111 „dem
2601 4094 2612 4103 .
2653 4092 2663 4102 .
2704 4093 2714 4104 .
2765 4051 2947 4117 colleg·
2984 4049 3281 4116 angeherig
3318 4048 3370 4097 iu
3410 4087 3421 4097 .
3461 4088 3473 4100 .
3512 4052 3559 4100 .“
3596 4074 3660 4083 —
3706 4049 3939 4096 Eandem
3976 4048 4080 4095 fere

607 4122 917 4170 sententiam
967 4122 1029 4168 de
1076 4120 1239 4169 titulis
1282 4121 1545 4169 Isthmiaci
1593 4121 1805 4182 collegii
1832 4123 1865 4168 ii
1900 4122 2245 4185 protulerunt,
2291 4122 2378 4183 qui
2414 4121 2803 4184 inscriptionem
2838 4122 2903 4168 ‘26
2941 4117 3318 4181 (ilausoullier)
3358 4128 3408 4165 et
3454 4118 3512 4165 31
3558 4114 4080 4177 (.Joubin,wilholm)

609 4186 896 4247 ediderunt,
932 4189 1265 4236 Foucartium
1304 4190 1482 4237 secuti.
1553 4190 1781 4239 Tantum
1811 4200 1982 4238 autem
2012 4189 2172 4247 abest,
2199 4200 2255 4237 ut
2278 4188 2388 4237 ullo
2414 4191 2572 4236 ruodo
2594 4187 2922 4236 difficultates
2961 4186 3143 4233 tollere
3176 4186 3555 4246 aggrediantur,
3588 4194 3645 4231 ut
3673 4185 3803 4231 duas
3838 4184 4080 4232 vocabuli

610 4257 854 4305 notiones
909 4256 1231 4304 confundant
1277 4265 1329 4305 et
1368 4257 1650 4305 Joubinius
1696 4258 2126 4319 Wilhelmiusque
2172 4256 2244 4321 (p.
2268 4258 2355 4315 94)
2392 4255 2470 4303 vel
2508 4258 2571 4304 de
2608 4256 2822 4318 propria
2863 4255 3114 4303 societate
3150 4252 3373 4313 collegii,
3412 4268 3543 4313 quae
3581 4252 3733 4299 fuerit
3767 4253 3887 4309 Tei,
3923 4252 4081 4299 verba

609 4324 820 4384 faciant,
866 4338 980 4371 cum
1032 4323 1064 4374 l.
1094 4323 1126 4372 l.
1165 4321 1272 4386 (14)
1309 4327 1372 4372 (16
1406 4324 1625 4386 singulis
1662 4325 1946 4374 artificibus
1983 4326 2084 4373 dici
2121 4326 2170 4372 in
2214 4324 2394 4371 Asiam
2435 4324 2687 4371 Minorem
2725 4323 2966 4384 prosectis
3015 4323 3082 4384 (v.
3129 4323 3146 4369 1
3195 4321 3308 4374 τοῖς
3346 4316 3740 4386 ἐντυγχάνουσιν
3777 4316 3941 4384 [αὐτῷ
3977 4320 4080 4368 τῶν

609 4386 663 4439 ἐν
694 4387 760 4442 Ἰ.
796 4409 842 4440 κ.
877 4391 947 4439 N.
982 4388 1267 4455 τεχνιτῶν])
1303 4392 1457 4440 verba
1492 4395 1605 4455 ipsa
1641 4393 1906 4441 declarent
1940 4390 2028 4451 (cf.
2064 4392 2382 4452 Reischium,
2419 4408 2466 4453 p.
2505 4390 2569 4440 78
2607 4393 2723 4439 adn.
2761 4392 2832 4453 l).

912 4456 975 4522 Ἠ)
1015 4460 1167 4517 Quod
1204 4460 1517 4508 Luedersius
1554 4476 1601 4522 p.
1638 4460 1702 4508 89
1738 4463 1856 4511 adn.
1898 4460 1991 4509 167
2030 4462 2095 4508 ad
2134 4458 2427 4520 exemplum
2451 4457 2589 4506 illius
2615 4459 2746 4507 tituli
2770 4459 2924 4506 etiam
2952 4458 3068 4505 huic
3089 4456 3322 4503 obtrudit
3346 4447 3418 4508 εἰς
3439 4450 3672 4520 Ἰσθμὸν
3695 4453 3802 4520 [καὶ
3831 4454 4077 4522 Πιερίαν,

606 4527 660 4575 id
698 4541 837 4575 nunc
876 4526 991 4574 aliis
1027 4526 1188 4575 titulis
1226 4527 1442 4591 repertis
1481 4543 1631 4576 nemo
1669 4527 2043 4590 comprobabit.
3954 4580 3967 4593 ,

912 4591 977 4657 ⁷³)
1016 4595 1147 4643 Nam
1185 4612 1227 4643 v.
1259 4595 1319 4643 12
1332 4611 1372 4644 s.
1410 4596 1587 4643 omnia
1624 4596 1817 4659 optime
1854 4595 2032 4655 fluunt,
2071 4596 2113 4643 si
2152 4594 2453 4644 scribimus:
2490 4592 2673 4647 καθώς
2710 4590 3010 4660 παρακαλεῖ
3039 4591 3101 4640 τὸ
3137 4590 3338 4655 κοιΙνὸν
3370 4590 3475 4641 τῶν
3509 4589 3753 4655 τεχνιτῶν
3787 4588 3893 4639 τοῖν
3919 4584 4076 4641 ειςἸ.

607 4658 675 4729 [κ.
713 4663 783 4713 N.
818 4661 939 4716 τοῦς
972 4658 1375 4729 Ἀμφικτίονας,
1424 4659 1796 4727 ἐπιμελεῖσθαι
1839 4659 1988 4727 το]ὐς
2033 4655 2424 4729 ἱερομνήμονας
2472 4656 2575 4712 κτλ.
2678 4662 2815 4708 ilaec
2869 4662 3025 4707 verba
3073 4659 3311 4722 suppleta
3356 4675 3471 4708 cum
3530 4661 3721 4722 optime
3756 4657 4076 4719 respondent

607 4730 807 4794 spatiis,
846 4744 977 4793 quae
1017 4731 1335 4779 Pomtowius
1373 4746 1479 4779 non
1514 4731 1687 4794 potuit
1721 4729 1945 4793 explere,
1982 4738 2089 4776 tum
2128 4731 2558 4777 commendantur
2596 4742 2646 4778 v.
2673 4730 2703 4775 6
2738 4722 3112 4792 (παρεκάλεσεν
3145 4726 3269 4780 ’τούς
3301 4723 3710 4794 ’Λμφικτιόνας)
3756 4732 4078 4787 comparato,

608 4800 673 4848 ad
712 4813 867 4860 quam
903 4794 1141 4846 locorum
1178 4795 1567 4847 similitudinem
1603 4799 1662 4849 P.
1702 4799 1867 4861 ipsum
1902 4814 1952 4861 p.
1979 4797 2075 4844 357
2115 4796 2444 4845 revocavisse
2482 4812 2590 4845 non
2629 4805 2708 4845 est
2738 4798 3187 4858 praetereundum.

912 4864 976 4927 ⁷⁶)
1019 4867 1081 4914 V.
1120 4867 1477 4923 Pomtowium,
1515 4866 1546 4915 l.
1582 4865 1617 4915 l.
1654 4883 1702 4929 p.
1742 4868 1855 4915 2335).

909 4932 974 4991 ⁷⁷)
1013 4934 1093 4985 cf.
1134 4943 1305 4982 autem
1343 4948 1474 4995 quae
1515 4936 1576 4981 de
1612 4933 1851 4981 vocabuli
1890 4933 1941 4979 vi
1977 4932 2312 4994 exposuimus
2350 4933 2466 4980 adn.
2509 4932 2588 4981 73.

912 5000 978 5063 ⁷⁸)
1016 5001 1093 5053 Cf.
1118 5016 1161 5052 6.
1182 5015 1257 5066 gr.
1284 5002 1358 5049 tit.
1384 5000 1473 5051 28:
1512 5001 1716 5049 omissis
1754 5012 1803 5047 ct
1838 5000 1971 5048 ludis
2010 5012 2060 5047 et
2095 5001 2192 5046 deo
2230 4998 2510 5058 collegium
2545 4994 2691 5046 audit
2724 4994 2796 5062 (v.
2819 4999 2870 5056 7)
2907 4998 2969 5047 τὸ
3001 5015 3047 5047 κ.
3074 4996 3209 5064 τ[οἷν
3234 4998 3516 5064 τεχν]ιτᾶν,
3555 4997 3603 5044 id
3642 4997 3780 5057 quod
3818 5009 4074 5055 nusquam

604 5070 729 5120 alibi
762 5069 1039 5129 invenitur,
1076 5085 1191 5118 cum
1226 5068 1330 5117 alio
1368 5069 1489 5117 loco
1526 5066 1599 5130 (1)
1634 5069 1789 5131 plena
1825 5076 1875 5115 et
1914 5068 2099 5115 usitata
2136 5067 2359 5115 formula
2393 5066 2695 5130 reperiatur.
2769 5063 2894 5114 Alia
2930 5071 3169 5132 exempla
3207 5085 3252 5118 v.
3292 5086 3339 5132 p.
3381 5069 3411 5116 7
3449 5063 3567 5115 adn.
3607 5063 3687 5111 40.
