4550 5734
2219 355 2300 415 25

802 559 1009 618 Restat
1051 571 1116 617 ut
1158 557 1231 616 de
1280 558 1452 615 certis
1494 555 1849 636 quibusdam
1913 557 2197 617 artificum
2239 557 2531 617 sodaliciis
2573 556 2789 626 dicam,
2845 576 2996 635 quae
3040 558 3454 635 imperatorum
3519 570 3710 619 aetate
3757 571 3989 639 praeter

501 662 775 720 magnam
819 642 1107 721 synodum
1152 642 1520 702 exstiterunt.

806 727 898 784 Ac
941 727 1193 805 primum
1257 724 1578 784 tenendum
1646 732 1735 782 est
1777 742 1847 780 ea
1904 744 2019 783 uon
2062 726 2314 785 inveniri
2373 725 2485 783 nisi
2526 726 2587 782 in
2639 721 3113 802 inscriptionibus
3172 722 3308 782 inde
3350 745 3387 782 a
3428 726 3686 785 secundo
3742 748 3801 806 p.
3846 728 3986 789 Chr.

501 810 735 869 saeculo
780 808 1133 889 compositis.

802 909 927 967 Iam
974 910 1033 967 in
1078 907 1273 987 lapide
1317 908 1614 966 Trallensi
1644 907 1970 966 Aureliano
2000 918 2064 966 ut
2092 907 2326 967 videtur
2355 928 2470 967 non
2501 907 2828 985 antiquiore
2858 902 2982 983 (CJ
2986 904 3041 964 G
3071 902 3260 985 2931)
3289 901 3328 985 ἦ
3353 904 3693 988 Ὀλυμπικὴ
3729 905 3991 985 σύνοδος

498 998 626 1055 τῶν
655 990 775 1053 ἀπὸ
812 997 924 1071 τῆς
954 991 1313 1071 οἰκουμένης
1343 989 1683 1071 ῖερονεικῶν
1710 992 1809 1051 καὶ
1843 996 2252 1075 στεφανειτῶν
2279 992 2588 1049 invenitur.
2657 990 2792 1047 Hoc
2821 1009 3053 1067 quoque
3080 989 3207 1048 loco
3235 1009 3310 1048 ex
3339 991 3726 1065 technitarum
3756 996 3990 1053 nomine

501 1077 718 1135 omisso
765 1076 920 1133 effici
963 1076 1233 1134 existimo
1264 1075 1723 1150 intellegendam
1767 1094 1895 1133 esse
1923 1074 2216 1154 synodum
2258 1076 2502 1132 mixtam
2547 1093 2621 1131 ex
2647 1082 2895 1151 utroque
2942 1073 3239 1131 hominum
3283 1092 3515 1149 genere.
3601 1076 3813 1156 Neque
3855 1079 3992 1137 huic

498 1161 826 1219 sententiae
883 1159 1179 1238 epitheton
1217 1153 1559 1237 Ὀλυμπική
1605 1158 1823 1228 obstat,
1890 1158 2164 1236 quoniam
2204 1160 2619 1237 imperatorum
2675 1156 3032 1234 temporibus
3074 1155 3390 1236 Olympiae
3456 1160 3712 1217 scenicos
3755 1182 3990 1241 quoque

498 1262 719 1322 agonas
774 1242 952 1300 fuisse
1003 1243 1220 1300 scimus
1279 1240 1753 1317 (AZXXXVII,
1803 1244 1981 1313 1879,
2027 1263 2088 1320 p.
2121 1244 2288 1316 133).
2390 1242 2599 1319 Itaque
2636 1239 2866 1299 sodales
2911 1237 3030 1300 ἀπὸ
3096 1245 3204 1319 τῆς
3258 1240 3616 1322 οἰκουμένης
3673 1242 3989 1322 ἶερονεῒκαι

500 1329 600 1388 καὶ
648 1334 1037 1409 στεφανεῖται
1080 1323 1517 1403 praedicantur,
1564 1344 1709 1404 quas
1753 1324 1956 1383 laudes
1985 1326 2149 1384 initio
2183 1326 2419 1384 athletis
2461 1345 2589 1382 raro
2632 1321 2714 1401 (v.
2744 1344 2802 1401 p.
2836 1326 2917 1381 24
2946 1322 3084 1381 adn.
3118 1324 3263 1405 157)
3293 1323 3541 1383 tributas
3570 1345 3696 1385 esse
3723 1327 3991 1388 vidimus

498 1411 661 1470 Num
704 1410 814 1469 hoc
857 1408 1093 1487 quidem
1138 1410 1264 1467 loco
1309 1407 1512 1466 eadem
1556 1410 1616 1466 vi
1658 1408 1848 1468 dictae
1892 1411 2024 1481 sint,
2067 1417 2244 1487 atque
2286 1409 2477 1488 priore
2518 1418 2685 1486 parte
2727 1406 2947 1465 saeculi
2987 1407 3242 1479 secundi,
3289 1408 3504 1468 dubito,

805 1507 1007 1582 Quid?
1067 1507 1222 1586 quod
1267 1518 1521 1566 veterem
1580 1511 1918 1567 societatem
1962 1508 2167 1568 Ioniae
2228 1519 2289 1567 et
2341 1508 2714 1586 Hellesponti
2772 1509 2949 1565 etiam
2995 1508 3405 1587 imperatorum
3468 1518 3659 1566 aetate
3704 1512 3993 1570 exstitisse

500 1595 609 1653 viri
651 1593 811 1651 docti
874 1596 1265 1650 censuerunt?
1354 1593 1485 1649 Hoc
1528 1611 1605 1650 ne
1669 1612 1779 1669 ego
1822 1592 2059 1671 quidem
2109 1611 2350 1669 negem,
2412 1609 2612 1650 omnes
2653 1611 2791 1649 vero
2845 1610 2936 1649 res
2981 1600 3104 1649 tum
3147 1600 3398 1649 mutatas
3456 1610 3583 1649 esse
3625 1594 3992 1657 contendam.

503 1676 676 1753 Quod
721 1677 875 1734 enim
905 1675 1256 1750 Boeckhius,
1298 1694 1474 1753 quem
1505 1696 1705 1734 omnes
1729 1678 1912 1734 secuti
1946 1685 2098 1748 sunt,
2140 1677 2199 1734 in
2231 1674 2426 1755 lapide
2459 1674 2765 1732 Trallibus
2794 1684 3024 1752 reperto
3055 1675 3186 1750 (20)
3230 1676 3383 1733 inter
3424 1676 3605 1733 verba
3646 1671 3685 1756 ἦ
3732 1674 3994 1751 σύνοδος

504 1771 565 1820 et
604 1766 724 1822 τῶν
767 1757 886 1820 ἀπὸ
929 1757 1161 1832 Ἰωνίας
1202 1756 1356 1839 κα[ὶ]
1396 1753 1848 1837 Ἑλλησπόντου
1890 1769 2058 1837 putat
2102 1759 2462 1817 intercidisse
2504 1777 2735 1837 versum
2778 1754 2954 1837 ([τιῦν
2991 1758 3126 1836 περὶ
3156 1756 3265 1818 τόν
3293 1753 3605 1819 Διόνυσον
3633 1759 3989 1842 τεχνιτῶν]),

504 1844 567 1903 id
607 1843 752 1902 falso
801 1863 934 1901 eum
991 1844 1262 1902 statuisse
1304 1862 1460 1901 nunc
1513 1841 1789 1901 docemur
1832 1842 2061 1902 duabus
2116 1841 2589 1921 inscriptionibus
2628 1841 2903 1920 Ephesiis
2945 1840 3051 1917 (19
3095 1861 3132 1899 a
3171 1862 3224 1898 v.
3271 1845 3365 1900 2s.
3411 1852 3469 1900 et
3515 1842 3550 1900 b
3591 1864 3648 1900 v.
3682 1847 3758 1903 13
3806 1842 3904 1924 [cf.
3933 1869 3990 1926 p,

510 1932 590 1988 10
632 1925 764 1987 adn.
808 1921 968 2007 55J),
1028 1928 1086 1983 in
1141 1927 1355 2004 quibus
1400 1921 1874 2006 ἀρχιερατεύσας
1916 1931 2039 1987 τῶν
2081 1924 2166 1986 ἐπ’
2192 1924 2426 1997 ’Ῑωνιάς
2464 1949 2517 1985 κ.
2544 1920 2994 2004 Ἑλλησπόντου
3040 1935 3534 1986 commemoratur.
3622 1925 3769 1985 Cum
3815 1929 3994 2006 igitur

505 2010 616 2070 hoc
656 2029 892 2088 quoque
921 2009 1252 2086 collegium,
1295 2009 1453 2088 quod
1498 2008 1610 2067 fuit
1639 2010 2042 2088 Philipporum
2087 2008 2449 2088 temporibus
2499 2011 2581 2083 (v.
2627 2007 2993 2066 Boeckhium
3037 2008 3112 2066 ad
3157 2009 3195 2068 l.
3241 2009 3304 2080 l.)
3346 2029 3462 2067 non
3521 2010 3638 2067 iam
3695 2013 3992 2090 proprium

502 2096 575 2152 sit
616 2094 933 2166 artificum,
975 2092 1035 2150 id
1079 2093 1235 2170 quod
1280 2113 1395 2151 non
1439 2093 1625 2151 solum
1657 2112 1731 2151 ex
1766 2094 2001 2151 nomine
2038 2092 2426 2151 technitarum
2454 2092 2662 2148 omisso
2694 2090 3110 2150 concludamus
3141 2111 3376 2150 necesse
3404 2103 3492 2150 est
3521 2093 3623 2151 sed
3652 2096 3826 2153 etiam
3855 2097 3994 2155 inde

502 2176 658 2256 quod
702 2188 949 2255 uterque
991 2178 1349 2249 archiereuS,
1405 2177 1503 2254 qui
1548 2187 2059 2247 commemoratur,
2117 2186 2176 2233 et
2219 2176 2394 2234 rebus
2438 2175 2665 2232 musicis
2711 2186 2771 2233 et
2817 2177 3099 2252 gymnicis
3146 2175 3643 2251 consulebat¹⁶⁵),
3689 2179 3864 2238 rebus
3913 2181 3995 2238 ita

502 2261 739 2319 mutatis
757 2261 868 2335 1ὅὸ)
910 2279 1101 2337 neque
1144 2259 1218 2319 de
1259 2269 1457 2319 vetere
1500 2260 1747 2336 collegio
1804 2259 2010 2318 Ioniae
2065 2261 2318 2336 cogitem
2361 2269 2600 2317 et·ea1n
2661 2258 2736 2317 ob
2798 2278 2918 2316 rem
2960 2279 3092 2317 cum
3134 2259 3421 2317 Muellero
3466 2261 3546 2337 (p.
3587 2264 3706 2320 411
3751 2262 3890 2327 adn.
3929 2268 3994 2337 5)

502 2343 820 2421 aliquando
871 2363 1045 2401 unam
1088 2343 1266 2402 fuisse
1308 2341 1594 2420 synodum
1638 2361 1874 2418 negem,
1916 2342 2017 2402 sed
2061 2362 2184 2401 rem
2228 2344 2385 2402 hunc
2442 2342 2564 2401 fere
2627 2343 2687 2400 in
2733 2342 2968 2399 modum
3029 2343 3350 2422 explicem:
3410 2362 3542 2400 cum
3603 2346 3803 2421 paullo
3865 2359 3995 2427 post

502 2427 791 2487 Antonini
822 2436 1083 2505 tempora
1109 2447 1325 2503 magna
1354 2428 1460 2485 illa
1487 2425 1746 2505 synodus
1778 2425 1962 2485 dilabi
2003 2427 2290 2505 coepisset
2317 2438 2391 2498 et,
2416 2427 2500 2484 ita
2528 2435 2592 2483 ut
2622 2426 2874 2484 artifices
2903 2439 2962 2483 et
2990 2428 3248 2485 athletae
3277 2428 3429 2485 inter
3457 2446 3518 2484 se
3550 2429 3990 2507 coniungerent,

502 2530 659 2570 nova
701 2509 992 2590 quaedam
1037 2510 1286 2588 collegia
1313 2510 1720 2582 conderentur,
1764 2511 1927 2567 varia
1968 2512 2204 2568 nomina
2244 2511 2306 2567 in
2352 2530 2520 2567 usum
2565 2518 2871 2571 venerunt.
2955 2510 3113 2584 Quid
3157 2520 3354 2569 autem
3396 2509 3759 2589 probabilius
3818 2535 3991 2592 quam

501 2595 657 2653 inter
698 2596 816 2654 alia
854 2604 1025 2652 vetus
1065 2613 1298 2672 quoque
1340 2614 1549 2653 nomen
1594 2594 1702 2651 etsi
1746 2602 2025 2652 mutatum
2070 2593 2261 2652 denuo
2306 2592 2630 2652 adhibitum
2673 2596 2839 2652 esse?

808 2695 1076 2753 Tertiam
1121 2692 1291 2773 ἱερὰν
1347 2689 1608 2756 σύνοδον
1667 2695 1751 2764 εἷς
1790 2692 2001 2771 Νέμεα
2062 2695 2161 2754 καὶ
2208 2689 2433 2754 Πύθια
2494 2693 2664 2752 affert
2705 2693 3027 2752 Muellerus
3086 2697 3168 2773 (p.
3213 2694 3362 2767 411)
3417 2712 3490 2751 ex
3547 2694 3717 2753 titulo
3761 2697 3993 2756 Rhodio

505 2776 691 2855 (CJG
735 2779 926 2852 2529)
970 2779 1117 2835 alios
1158 2787 1407 2836 secutus.
1494 2778 1619 2836 Iam
1663 2777 1773 2834 viri
1815 2776 1903 2835 illi
1963 2775 2120 2835 docti
2163 2776 2532 2835 Boeekhium
2584 2777 2730 2835 mihi
2773 2797 2887 2836 non
2945 2778 3083 2836 satis
3124 2778 3485 2837 intellexisse
3536 2777 3833 2852 videntur,
3895 2782 3993 2860 qui

504 2862 686 2921 verba
716 2857 1161 2941 [τ]ετιμαμένον
1186 2855 1311 2942 κῘαὶ
1341 2855 1484 2942 15]πὸ
1516 2854 1674 2942 τ[οὗ]
1703 2861 1990 2940 μεγίστου
2022 2856 2505 2941 Αὐτοκράτορος
2535 2860 2814 2946 καθέδρᾳ
2846 2863 2944 2922 καὶ
2978 2854 3328 2943 [λ]ογιστειά
3358 2866 3470 2932 τᾶς
3512 2858 3680 2938 ἱερᾶς
3726 2862 3991 2926 συνόδου

505 2942 593 3026 [ἐς
635 2939 919 3026 ΝέΙμε[α]
968 2945 1067 3005 καὶ
1100 2940 1325 3005 Πύθια
1369 2945 1540 3003 aliter
1568 2944 1883 3017 coniungat
1908 2953 1965 3002 et
1995 2943 2151 3002 dicat
2180 2943 2317 3003 dedi
2348 2944 2593 3020 legistae
2617 2964 2829 3002 munus
2857 2946 2917 3002 in
2948 2963 3112 3003 sacro
3142 2946 3410 3022 collegi0‚
3455 2954 3520 3001 ut
3548 2964 3618 3002 eo
3651 2946 3994 3023 fungeretur

502 3031 566 3087 in
623 3028 1002 3087 sollemnibus
1046 3027 1278 3105 Pythiis
1330 3037 1389 3086 et
1431 3028 1683 3089 Nemeis.
1774 3026 1924 3087 Cum
1968 3028 2149 3105 igitur
2189 3028 2395 3086 titulus
2438 3029 2545 3086 sub
2592 3029 2906 3087 Antoninis
2948 3027 3219 3086 videatur
3261 3037 3533 3086 exaratus
3573 3047 3722 3102 esse,
3784 3030 3995 3110 ἱερὰν

507 3107 766 3173 σύνοδον
823 3111 999 3170 aliam
1051 3110 1229 3169 fuisse
1288 3122 1467 3189 atque
1522 3111 1683 3169 illam
1748 3130 2021 3188 magnam
2078 3110 2511 3183 Caesarianam,
2575 3131 2749 3189 quam
2816 3132 2993 3191 supra
3048 3113 3427 3170 tractavimus
3489 3111 3758 3188 equidem
3823 3136 3992 3193 nego,

506 3195 811 3273 Logistam
841 3215 995 3266 vero,
1037 3196 1137 3273 qui
1164 3196 1538 3273 magistratus
1564 3194 1640 3252 ab
1670 3195 2019 3273 imperatore
2047 3195 2380 3274 appellatus
2407 3196 2667 3273 pecuniis
2695 3196 3086 3253 technitarum
3116 3195 3234 3253 illis
3276 3194 3636 3274 temporibus
3665 3199 3994 3277 prospicere

510 3278 783 3351 debebat,
830 3278 905 3336 ad
949 3290 1136 3337 certos
1177 3277 1459 3355 quosdam
1504 3276 1671 3337 ludos
1714 3279 2090 3336 constitutum
2135 3277 2312 3337 fuisse
2354 3279 2437 3336 nil
2483 3278 2662 3337 habet
2701 3280 2762 3336 in
2807 3299 2921 3357 quo
2966 3277 3326 3337 offendamus
3356 3280 3483 3351 ¹⁶³).

805 3378 1080 3456 Denique
1138 3377 1300 3435 illam
1342 3377 1728 3457 Smyrnaeam
1788 3377 2146 3448 societatem,
2209 3397 2360 3454 quae
2403 3376 2613 3436 dicitur
2652 3372 2690 3457 ἦ
2740 3376 2871 3459 ἱερὰ
2926 3374 3184 3450 σύνοδος
3233 3384 3358 3439 τῶν
3399 3381 3530 3457 περὶ
3577 3376 3685 3440 τὸν
3729 3381 3995 3459 Βρεισέα

509 3456 821 3522 Διόνυσον
848 3466 1161 3539 τεχνειτῶν
1189 3462 1288 3522 καὶ
1323 3466 1578 3539 μυστῶν
1622 3462 1756 3536 (44)
1801 3472 1860 3519 et
1901 3480 2051 3538 quae
2096 3462 2212 3519 iam
2258 3462 2687 3520 Antoninorum
2731 3463 3088 3540 temporibus
3132 3462 3402 3521 breviore
3445 3463 3617 3521 modo
3661 3464 3996 3542 appellatur

509 3540 768 3617 σύνοδος
812 3548 937 3605 τῶν
978 3545 1110 3623 περὶ
1153 3542 1263 3606 τὸν
1306 3545 1571 3623 Βρεισέα
1614 3540 1928 3605 Διόνυσον
1969 3546 2075 3617 (43
2095 3566 2150 3606 v.
2184 3546 2248 3617 53
2301 3538 2481 3625 [OJG
2525 3539 2766 3627 31771),
2824 3566 2956 3603 cum
3010 3546 3124 3603 alio
3177 3545 3428 3624 quodam
3478 3546 3607 3605 loco
3661 3546 3768 3621 (43
3796 3568 3851 3605 v.
3888 3546 3994 3627 25)

506 3629 708 3688 audiat
750 3622 1034 3706 σύῘνοδος
1074 3632 1199 3689 τῶν
1239 3628 1302 3689 ἓν
1328 3624 1586 3711 Σμύρνῃ
1627 3633 1895 3706 μυστῶν,
1939 3628 2052 3686 hoc
2094 3628 2222 3687 loco
2266 3628 2574 3705 seiungere
2617 3629 2772 3701 lieet,
2818 3630 2866 3687 si
2909 3630 3145 3708 quidem
3187 3631 3248 3688 in
3291 3630 3396 3687 illa
3437 3649 3530 3689 res
3572 3640 3894 3708 mystarum
3937 3642 3997 3689 et

505 3712 893 3771 technitarum
939 3720 1097 3768 certa
1136 3711 1389 3789 quadam
1432 3712 1654 3770 ratione
1696 3713 2151 3790 permisceantur
2171 3712 2304 3784 ¹⁶⁸).

510 3929 637 3978 item
674 3930 728 3978 in
766 3927 1059 3994 Smyrnaea
1097 3928 1433 3991 inscriptione
1459 3926 1736 3992 Olympiae
1771 3933 1994 3990 reperta,
2030 3927 2083 3974 in
2112 3941 2216 3989 qna
2239 3924 2521 3977 habemus:
2561 3918 2856 3994 c‘spovsa'xnv
2877 3922 2988 3977 ἀπό
3012 3921 3239 3977 συνόδου
3277 3924 3394 3989 (ΔΖ
3419 3927 3546 3978 1878
3568 3945 3618 3992 p.
3644 3929 3708 3977 94
3735 3943 3823 3978 nc.
3859 3927 3992 3992 148).

512 3996 597 4044 Nil
626 3998 752 4046 certi
778 4000 843 4047 de
880 3995 1199 4056 hominibus,
1237 3996 1324 4058 qui
1361 3997 1565 4059 synodo
1605 3994 1801 4045 addicti
1837 3996 1957 4051 sint,
1994 3995 2242 4054 cognosci
2278 4003 2452 4057 potest
2475 4009 2540 4041 ex
2566 3994 2768 4043 duabus
2796 3995 3225 4057 inscriptionibus
3250 3995 3674 4057 Aphrodisiadis‚
3712 3996 3797 4044 ubi
3835 3997 3994 4044 habe-

509 4078 623 4113 mus
660 4062 791 4132 ὑπὲρ
826 4064 1022 4115 τούτου
1053 4062 1120 4129 τῆ
1159 4056 1363 4128 συνόδῳ
1402 4057 1720 4113 ἐπιστέλλειν
1754 4062 1842 4125 (65
1867 4078 1912 4110 v.
1938 4060 1992 4125 9)
2030 4071 2082 4110 et
2124 4062 2372 4125 πέμπτον
2409 4055 2702 4128 ἱερονείκην
2733 4057 2844 4110 ἀπό
2882 4056 3108 4112 συνόδου
3138 4060 3358 4112 BGHIX
3395 4079 3444 4126 p.
3473 4063 3538 4113 74
3576 4079 3694 4112 n0.:
3731 4061 3799 4127 4).
3871 4065 3992 4112 Uno

508 4133 631 4180 loco
670 4134 734 4181 de
770 4142 881 4181 arte
921 4133 1121 4183 musica
1164 4147 1335 4182 sermo
1387 4139 1489 4190 est;
1540 4130 1602 4181 cf.
1652 4131 1705 4178 in
1750 4130 1826 4180 tit.
1865 4130 2196 4193 Thyatircnsi
2264 4128 2330 4177 72
2367 4147 2412 4181 v.
2453 4129 2615 4192 17⁸0:
2665 4125 2751 4179 ἐπὶ
2798 4131 3144 4196 γραμματέως
3187 4130 3282 4193 τῆς
3329 4122 3583 4191 συνόδου,
3632 4146 3736 4193 quo
3784 4132 3992 4193 quidem

508 4198 634 4248 loco
673 4198 909 4249 Clercius
946 4198 1051 4264 (De
1087 4201 1241 4249 rebus
1266 4200 1705 4264 Thyatirenorum
1741 4214 1795 4262 p.
1831 4194 1917 4261 57)
1954 4199 2050 4245 etsi
2089 4212 2195 4246 non
2233 4198 2365 4246 satis
2398 4196 2756 4262 probabiliter,
2796 4198 2858 4244 de
2894 4208 3078 4247 senatu
3113 4199 3323 4258 cogitet.

823 4282 913 4347 ¹⁸5)
950 4300 979 4331 a
1004 4301 1051 4333 v.
1077 4284 1107 4332 4
1147 4284 1252 4345 [καὶ
1285 4278 1716 4347 κατασ]κευοὶ[σας
1752 4279 1807 4333 ἐν
1838 4280 1913 4346 τῷ
1949 4277 2165 4347 arladis»
2207 4281 2409 4351 Ιβαθροὶ
2432 4278 2588 4332 λευκοὶ
2603 4279 2720 4347 ηὼς
2753 4283 2819 4331 ‘td
2853 4278 2984 4347 τῶ[ν
3015 4282 3314 4347 θεάτρω]ν;
3352 4283 3383 4330 b
3421 4299 3466 4332 v.
3492 4282 3524 4329 6
3559 4285 3645 4331 καὶ
3676 4282 3740 4331 τὰ
3777 4278 3995 4333 ἔπαθλα

506 4344 726 4415 δόν[τα]
763 4348 878 4402 τοῖς
910 4353 1187 4414 μουσικοῖς
1221 4355 1307 4400 καὶ
1336 4347 1498 4416 το[ἶς]
1535 4345 1801 4414 ἀθληταῖς
1836 4346 1893 4399 ἐκ
1924 4350 2031 4400 τῶν
2069 4343 2281 4412 ι’δι’ω[ν].

822 4434 910 4499 ¹⁸⁶)
945 4436 1118 4484 Etiam
1153 4437 1300 4485 sedes
1336 4432 1546 4500 synodi,
1583 4444 1834 4497 quantum
1871 4450 1938 4483 ex
1973 4435 2136 4484 titulis
2178 4434 2240 4483 19
2266 4449 2299 4482 a
2322 4443 2374 4484 et
2397 4434 2427 4482 b
2467 4433 2836 4495 colligendum,
2873 4443 2980 4483 tum
3002 4436 3108 4483 alia
3130 4443 3268 4493 erat3
3306 4434 3547 4483 videntur
3571 4433 3708 4482 enim
3733 4437 3994 4485 technitae

512 4510 623 4552 tum
658 4501 857 4565 Ephesi
902 4503 1228 4566 potissimum
1264 4504 1457 4553 versati
1493 4516 1621 4552 esse.
1660 4528 1729 4538 —-
1762 4501 1994 4551 Titulum
2031 4503 2091 4551 21
2134 4502 2296 4552 fnisse
2331 4516 2553 4561 magnae
2585 4501 2730 4551 illius
2766 4504 3034 4551 Romanae
3068 4503 3253 4566 synodi
3289 4519 3341 4566 p.
3386 4502 3450 4549 :22
3488 4503 3607 4552 adn.
3647 4502 3742 4551 138
3779 4505 3994 4552 demon-

514 4570 807 4622 stravimus.
886 4570 1060 4619 Etiam
1098 4570 1178 4621 tit.
1212 4572 1276 4621 49
1313 4573 1431 4620 huic
1467 4586 1581 4620 esse
1616 4571 1998 4621 attribuendum
2035 4587 2084 4633 p.
2121 4570 2183 4618 21
2224 4572 2344 4619 adn.
2384 4570 2479 4619 132
2514 4571 2756 4629 vidimus,
2803 4571 3038 4633 quamvis
3073 4569 3256 4630 negari
3291 4584 3399 4617 non
3424 4569 3593 4633 possit
3628 4568 3697 4616 ob
3734 4570 3995 4621 Διονύσου

512 4637 887 4707 καθηγεμόνος
926 4639 1477 4688 commemorationem
1512 4640 1648 4687 hanc
1682 4638 2073 4700 inscriptionem
2111 4638 2275 4686 Teiae
2316 4639 2504 4701 synodi
2538 4637 2704 4687 titulis
2739 4638 3058 4688 simillimam
3094 4652 3208 4686 esse
3242 4637 3425 4687 videri.

829 4722 917 4787 ¹⁸¹¹)
957 4722 1037 4772 cf.
1078 4737 1212 4785 quae
1246 4725 1309 4772 de
1345 4724 1540 4781 logista
1575 4722 1820 4787 exposuit
1854 4722 2239 4782 Liermannins,
2278 4722 2313 4771 l.
2343 4722 2379 4773 l.
2414 4738 2464 4786 p.
2503 4722 2615 4772 128.

824 4807 913 4873 ¹⁶⁸)
948 4806 1092 4855 Addi
1127 4807 1250 4855 lieet
1286 4807 1652 4871 imperatorem
1687 4806 1957 4856 sodalibus
1994 4805 2095 4854 illis
2131 4821 2323 4855 nomen
2362 4808 2702 4857 technitarum
2745 4823 2852 4856 non
2901 4809 3185 4856 concedere
3230 4805 3318 4868 (43
3353 4822 3403 4857 v,
3440 4806 3489 4865 5,
3526 4803 3632 4869 25),
3680 4819 3995 4869 quamquam

521 4874 743 4936 benigne
780 4876 852 4924 eis
888 4875 1177 4939 respondit,
1216 4876 1358 4936 ipsos
1397 4888 1518 4923 vero
1557 4873 1690 4924 illud
1719 4889 1909 4924 nomen
1938 4883 2047 4923 tum
2066 4888 2386 4938 magnopere
2405 4885 2711 4939 exoptatum
2730 4876 2826 4925 sibi
2845 4877 3133 4924 adsciscere
3169 4874 3282 4940 (44;
3320 4875 3413 4933 45;
3439 4870 3543 4933 75).
3617 4873 3784 4922 Valde
3809 4875 3990 4922 dolen-

519 4945 640 4992 dum
677 4948 772 4999 est,
816 4945 955 5005 quod
996 4944 1204 4991 decreta
1237 4938 1399 5005 (cJG
1432 4941 1592 5003 3173)
1631 4957 1886 4991 annorum
1923 4958 1973 5006 p.
2013 4943 2137 4992 Chr.
2172 4941 2239 4989 80
2278 4951 2331 4991 et
2363 4943 2429 4991 83
2467 4958 2658 4992 nomen
2707 4944 2972 4992 societatis
3017 4957 3126 4991 non
3175 4942 3439 4992 exhibent.
3509 4941 3639 4989 Inde
3683 4942 3819 4989 enim
3867 4954 3992 5000 cog-

519 5011 810 5069 noscimus,
865 5011 919 5060 id
969 5013 1112 5073 qnod
1163 5006 1458 5058 Boeckhins
1509 5010 1909 5069 demonstravit,
1964 5010 2066 5057 iam
2115 5010 2421 5058 Flaviorum
2471 5012 2792 5074 temporibus
2837 5011 2890 5059 in
2937 5012 3142 5074 synodo
3178 5010 3272 5059 illa
3315 5017 3510 5073 mystas
3562 5016 3614 5056 et
3646 5009 3900 5058 technitas
3944 5017 3996 5058 et

519 5079 742 5128 athletas
779 5077 957 5128 fuisse.
1001 5104 1055 5114 -—
1100 5079 1179 5126 De
1219 5079 1447 5127 Bresaeo
1486 5075 1581 5125 illo
1618 5078 1829 5127 Baccho
1866 5080 2018 5128 docte
2054 5078 2163 5138 egit
2198 5075 2629 5127 Wilamowitzius
2665 5076 2877 5141 (Philet.
2914 5075 3115 5130 Uneers.
3139 5079 3242 5128 vll
3278 5095 3329 5143 p.
3365 5076 3505 5139 409).

3657 5178 3688 5225 4
