4550 5734
2183 372 2221 432 9

454 574 559 632 illo
586 574 774 632 thiaso
798 594 835 631 a
863 572 1152 651 Sophocle
1193 574 1583 645 instituto⁴⁶),
1625 594 1801 653 quam
1842 596 1965 634 rem
1992 576 2329 653 saepissime
2372 596 2408 632 a
2432 574 2571 632 viris
2614 573 2798 633 doctis
2825 584 3128 634 tractatam
3174 594 3304 634 esse
3333 587 3577 637 constat.
3652 577 3942 649 Quoniam

457 679 597 716 vero
635 668 696 716 et
724 655 1256 716 Sommerbrodtius
1282 654 1575 733 (Hermes
1608 659 1673 716 X
1702 679 1759 736 p.
1796 663 1912 717 123
1944 658 2043 734 ss.)
2085 658 2552 718 Schoemannum
2608 669 2839 717 secutus
2884 669 2943 716 et
2982 657 3279 738 Sauppius
3323 660 3391 733 (l.
3421 663 3461 720 l.
3488 681 3546 739 p.
3577 659 3642 734 5)
3698 662 3944 718 aliorum

458 742 775 799 sententias
818 750 975 798 recte
1020 742 1288 799 reiecisse
1332 742 1474 799 mihi
1518 741 1807 817 videntur,
1853 762 2043 822 pauca
2086 742 2315 800 addam.
2403 740 2627 815 Quodsi
2671 741 3100 800 consideremus
3146 744 3264 799 vim
3309 743 3581 802 vocabuli
3622 745 3831 814 thiasi,
3884 742 3945 800 id

459 824 613 903 quod
656 843 832 903 supra
863 822 1407 897 demonstravitum,
1454 826 1629 901 longe
1673 827 1925 884 alienam
1971 845 2095 884 6336
2138 846 2175 883 a
2204 825 2587 884 technitarum
2634 824 2931 897 sodalicio,
2973 824 3098 883 loco
3144 844 3219 883 ex
3251 827 3558 904 Sophoclis
3602 829 3726 885 vita
3768 826 3945 884 allato

459 910 532 967 de
585 906 865 967 eiusmodi
926 908 1174 984 collegio
1229 907 1343 965 dici
1404 910 1507 967 vix
1558 910 1875 987 opinemur.
1963 908 2136 982 Quod
2195 928 2335 966 vero
2388 909 2516 987 ipse
2570 908 3100 967 Sommerbrodtius
3156 908 3233 967 ad
3286 909 3536 968 eundem
3591 910 3712 968 fere
3771 910 3946 968 finem

456 991 728 1070 pervenit
768 1000 947 1067 atque
991 992 1072 1063 ei,
1125 1011 1267 1068 quos
1310 991 1553 1063 refutat,
1600 995 1684 1050 ita
1725 1005 1789 1051 ut
1830 993 2084 1052 thiasum
2127 992 2517 1070 Sophocleum
2562 1011 2693 1049 cum
2737 993 2999 1069 collegiis
3044 993 3419 1071 Dionysiacis
3463 1004 3781 1072 comparet,
3827 1013 3946 1050 non

456 1075 643 1151 magis
694 1072 943 1153 probare
986 1093 1237 1153 possum,
1300 1094 1476 1152 quam
1519 1078 1867 1134 sententiam
1901 1076 2161 1153 Sauppii,
2206 1094 2380 1153 quem
2424 1073 2499 1131 ad
2531 1076 2826 1133 Musarum
2873 1075 3094 1133 cultum
3120 1074 3193 1133 ab
3224 1077 3545 1135 artificibus
3580 1077 3948 1155 Dionysiacis

456 1159 773 1236 posteriore
813 1168 1006 1216 aetate
1048 1158 1267 1216 factum
1323 1157 1479 1215 baud
1523 1161 1663 1216 satis
1706 1171 1843 1238 apte
1886 1178 2190 1217 revocasse
2250 1156 2535 1219 existimo,
2622 1159 2752 1216 Etsi
2795 1161 2974 1235 igitur
3018 1159 3322 1236 Sophoclis
3374 1179 3607 1237 quoquc
3648 1161 3946 1218 Musarum

455 1243 730 1311 thiasum,
787 1243 827 1299 i.
859 1260 910 1301 6.
953 1241 1294 1301 sodalicium
1338 1242 1520 1299 Musis
1570 1242 1830 1301 colendis
1874 1262 1950 1300 ex
1994 1241 2370 1300 histrionibus
2427 1243 2787 1319 potissimum
2833 1242 3156 1300 constitisse
3210 1264 3284 1300 ne
3330 1262 3442 1317 ego
3485 1241 3718 1321 quidem
3775 1261 3945 1319 nege,

453 1336 653 1383 tamen
709 1344 825 1382 non
871 1326 1169 1403 proprium
1222 1324 1612 1383 technitarum
1666 1326 1976 1404 collegium
2031 1323 2495 1399 intellegendum
2551 1344 2677 1383 esse
2729 1324 2870 1383 inde
2911 1338 3183 1403 apparet,
3246 1325 3404 1404 quod
3447 1327 3548 1384 illo
3600 1327 3728 1384 loco
3771 1325 3947 1383 allato

455 1408 627 1480 Ister,
674 1410 723 1465 si
765 1407 940 1465 modo
987 1418 1075 1465 est
1101 1408 1272 1477 Ister,
1318 1410 1552 1487 proprio
1597 1411 1833 1468 nomine
1874 1410 2110 1484 collegii
2137 1408 2439 1477 artificum,
2488 1409 2644 1486 quod
2689 1409 2871 1486 ipsius
2915 1418 3105 1466 aetate
3146 1411 3206 1467 in
3250 1429 3362 1467 usu
3405 1422 3547 1479 erat,
3593 1431 3709 1468 non
3751 1410 3949 1480 utitur,

457 1510 589 1550 cum
637 1491 736 1550 alii
787 1491 1101 1569 scriptores
1148 1492 1428 1549 rationem
1478 1493 1638 1550 illam
1678 1492 1913 1552 dicendi
1956 1495 2340 1570 posteriorum
2379 1505 2705 1571 temporum
2752 1493 2813 1551 in
2870 1492 3199 1569 antiquiora
3246 1494 3561 1551 transferre
3611 1490 3949 1571 soleantfl).

760 1573 962 1648 Quid?
1006 1572 1161 1654 quod
1194 1576 1605 1633 Demosthenis
1634 1588 1694 1633 et
1719 1576 2060 1634 Aristotelis
2102 1586 2294 1633 aetate
2337 1576 2587 1652 collegia
2629 1576 2733 1633 illa
2759 1576 3025 1634 floruisse
3066 1576 3218 1634 inter
3245 1577 3401 1634 viros
3442 1575 3641 1635 doctos
3686 1574 3950 1633 constat?

463 1658 591 1715 Iam
646 1678 777 1716 cum
831 1677 1023 1735 neque
1080 1659 1460 1716 Aristotelem
1517 1679 1705 1737 neque
1764 1658 2217 1718 Demosthenem
2285 1661 2344 1716 in
2400 1660 2671 1718 technitis
2724 1658 3090 1737 appellandis
3146 1662 3384 1738 propria
3436 1659 3670 1718 dicendi
3724 1661 3950 1717 ratione

459 1739 543 1813 (οἱ
588 1743 723 1822 περὶ
766 1740 875 1802 τὸν
916 1736 1227 1803 Διόνυσον
1280 1744 1569 1820 τεχνῖται)
1621 1763 1788 1801 usum
1853 1762 1979 1801 esse
2044 1743 2388 1811 viderimuS,
2449 1763 2582 1800 cum
2650 1754 2854 1801 neuter
2913 1741 2987 1800 de
3051 1746 3282 1822 proprio
3346 1742 3598 1822 quodam
3660 1742 3948 1800 artificum

460 1824 739 1884 sodalicio
800 1824 981 1883 verba
1038 1824 1243 1894 faciat,
1303 1826 1392 1883 his
1448 1828 1591 1905 ipsis
1632 1828 2017 1904 temporibuS,
2069 1828 2109 1886 i.
2138 1846 2187 1883 6.
2231 1826 2418 1884 altera
2458 1825 2692 1884 demum
2734 1836 2900 1904 parte
2943 1827 3134 1903 quarti
3174 1848 3229 1886 a.
3266 1825 3405 1885 Chr.
3435 1847 3489 1887 n.
3533 1827 3748 1884 saeculi
3792 1836 3951 1883 certa

462 1906 750 1987 quaedam
798 1909 1049 1985 collegia
1092 1908 1326 1967 condita
1376 1928 1503 1968 esse
1546 1912 2017 1969 existimaverim.
2104 1908 2176 1967 Id
2218 1909 2424 1968 saltem
2468 1929 2640 1968 nemo
2684 1909 2944 1987 Sauppio
2998 1908 3078 1987 (p.
3113 1909 3178 1988 3)
3223 1911 3575 1969 concesserit
3615 1909 3951 1967 Aristotelis

458 1993 591 2049 illos
633 1992 790 2051 locos
834 1994 917 2049 ita
961 2012 1089 2050 6336
1133 1991 1348 2063 dictoS,
1410 2004 1475 2051 ut
1518 2014 1631 2051 non
1677 1995 1994 2072 appellatio
2048 1989 2274 2051 noviter
2316 1994 2589 2066 inventa,
2641 1993 2742 2051 sed
2790 1994 2891 2050 diu
2933 2007 3214 2071 usurpata
3270 2004 3451 2071 atque
3495 1996 3610 2051 iam
3658 1993 3949 2050 communi

457 2095 569 2133 usu
612 2087 849 2154 recepta
889 2076 1071 2133 fuisse
1128 2074 1516 2151 videaturw).
1605 2077 1819 2156 Neque
1858 2097 1998 2135 vero
2053 2076 2112 2133 id
2159 2077 2485 2155 Sauppium
2545 2096 2849 2135 sensurum
2903 2076 3084 2133 fuisse
3133 2088 3302 2155 puto,
3359 2080 3410 2134 si
3452 2087 3687 2154 tempus
3733 2075 3950 2133 decreti

456 2158 616 2216 illius
667 2161 1082 2237 antiquissimi,
1160 2179 1274 2237 quo
1330 2161 1563 2237 collegii
1617 2161 1902 2219 artificum
1962 2162 2148 2218 Attici
2205 2161 2395 2238 prima
2453 2162 2670 2218 mentio
2727 2160 2793 2217 fit
2850 2160 2967 2235 (1),
3041 2162 3254 2218 rectius
3334 2160 3577 2218 definire
3651 2161 3947 2238 potuisset.

457 2241 634 2300 Nunc
676 2241 928 2315 demum,
971 2262 1101 2301 cum
1148 2242 1344 2322 lapide
1392 2245 1598 2303 melius
1642 2245 1791 2303 lecto
1834 2242 2128 2301 decretum
2184 2243 2332 2301 illud
2377 2244 2576 2322 paullo
2629 2256 2762 2321 post
2803 2264 3021 2301 annum
3069 2264 3116 2300 a.
3147 2244 3287 2302 Chr.
3315 2266 3372 2304 n.
3406 2247 3523 2302 279
3569 2245 3949 2321 compositum

461 2344 589 2383 esse
630 2328 772 2384 satis
818 2336 1041 2385 constet
1062 2325 1172 2401 ¹⁹),
1217 2326 1291 2384 ob
1337 2327 1397 2385 id
1438 2330 1631 2405 ipsum
1676 2328 2057 2403 collegiorum
2100 2327 2588 2405 Dionysiaeorum
2633 2328 2889 2403 origines
2933 2330 2995 2384 in
3039 2326 3294 2385 medium
3339 2328 3632 2386 saeculum
3679 2337 3948 2404 quartum

457 2409 774 2468 transferre
814 2430 932 2468 non
977 2410 1253 2487 cogimur.
1342 2411 1492 2469 Cum
1534 2412 1729 2469 animo
1770 2422 1963 2468 autem
2003 2430 2134 2469 meo
2180 2420 2489 2489 reputans,
2552 2410 2764 2488 quibus
2807 2409 2881 2467 dc
2924 2412 3113 2469 causis
3154 2411 3370 2469 factum
3415 2412 3505 2483 sit,
3547 2422 3613 2467 ut
3654 2430 3808 2467 nova
3849 2410 3952 2467 illa

462 2492 724 2569 collegia.
756 2494 1123 2563 exsisterent,
1169 2513 1318 2571 quae
1363 2513 1496 2552 cum
1539 2515 1576 2552 a
1619 2495 1867 2573 propriis
1911 2496 2214 2552 civitatum
2253 2493 2486 2571 legibus
2527 2514 2702 2571 quam
2730 2496 2985 2552 maxime
3032 2505 3223 2553 essent
3268 2495 3470 2565 libera,
3516 2514 3551 2551 a
3577 2494 3951 2559 Graecorum,

462 2576 742 2653 imprimis
786 2577 1269 2649 Atheniensium,
1321 2579 1578 2636 moribus
1630 2578 2039 2648 abhorrerent,
2084 2577 2277 2635 facere
2323 2598 2437 2636 non
2483 2597 2753 2656 possum,
2809 2579 2952 2655 quin
3012 2579 3118 2635 illa
3171 2597 3286 2634 non
3333 2587 3502 2635 aucta
3544 2586 3787 2647 tantum,
3846 2575 3948 2634 sed

463 2668 657 2716 creata
684 2679 812 2720 esse
845 2680 1111 2719 censeam
1143 2672 1380 2719 auctore
1411 2661 1513 2719 illo
1545 2661 1796 2731 homine,
1844 2662 1944 2739 qui
1987 2672 2173 2718 totum
2205 2662 2405 2719 orbem
2452 2671 2736 2719 terrarum
2768 2662 3208 2720 transformavit.
3283 2661 3576 2718 Videlicet
3603 2659 3948 2718 Alexandro

459 2742 679 2816 Magno
706 2763 953 2821 magnos
982 2744 1265 2802 artificum
1297 2764 1508 2821 greges
1541 2765 1688 2824 opus
1716 2744 1912 2815 fuisse,
1960 2743 2126 2801 illum
2159 2746 2408 2822 primum
2440 2764 2566 2803 esse
2597 2743 2815 2802 dictum
2847 2741 3159 2805 Διόνυσον
3187 2745 3338 2802 inter
3360 2763 3562 2801 omnes
3607 2752 3830 2801 constat
3846 2745 3952 2819 ⁵⁰).

459 2826 793 2884 Aristotelis
834 2828 1015 2904 igitur
1058 2838 1249 2886 aetate
1293 2828 1562 2886 technitis
1607 2829 1920 2906 privilegia
1964 2828 2252 2905 quaedam
2311 2828 2388 2886 ab
2437 2829 2706 2886 omnibus
2752 2828 3086 2886 civitatibus
3126 2826 3226 2900 (cf.
3262 2834 3290 2886 l
3315 2848 3372 2889 v,
3407 2830 3507 2899 13)
3551 2828 3666 2883 iam
3714 2826 3942 2904 pridem

460 2928 734 2967 concessa
774 2911 950 2969 fuisse
992 2912 1230 2969 minime
1272 2923 1362 2969 est
1404 2911 1740 2970 verisimile.
1830 2909 1997 2984 Quae
2043 2913 2093 2969 si
2135 2913 2292 2970 facta
2335 2922 2545 2981 essent,
2592 2911 2795 2970 dubito
2839 2931 2912 2969 an
2956 2911 3059 2969 ille
3103 2911 3230 2969 loco
3288 2930 3467 2989 supra
3525 2909 3588 2988 (p
3645 2910 3708 2986 3)
3766 2910 3943 2968 allato

460 3012 591 3050 cum
635 2994 739 3051 tali
783 3005 1119 3073 contemptu
1163 2993 1237 3052 de
1278 2997 1406 3073 ipso
1436 2996 1823 3053 technitarum
1870 2996 2102 3053 nomine
2133 2994 2392 3053 dicturus
2436 3016 2549 3053 non
2597 2996 2792 3053 fuerit.
2879 2993 3028 3052 Inde
3071 3015 3212 3052 vero
3255 2994 3329 3052 ab
3360 2993 3688 3051 Alexandri
3733 3003 3947 3071 tempo-

458 3074 622 3133 ribus
664 3096 833 3153 reges
876 3079 1159 3155 imprimis
1201 3079 1484 3136 artificum
1531 3079 1778 3155 collegia
1821 3080 2053 3136 auxisse
2105 3099 2179 3137 ex
2222 3080 2410 3136 titulis
2454 3080 2641 3155 magis
2684 3080 2989 3156 magisque
3032 3077 3450 3154 intellegimus.

756 3162 958 3219 Priore
999 3163 1177 3237 igitur
1220 3162 1437 3219 saeculi
1489 3163 1643 3220 tertii
1685 3171 1853 3240 parte
1906 3162 2155 3238 collegio
2208 3163 2407 3220 Attico
2457 3163 2770 3240 privilegia
2820 3160 3099 3236 (ἀσυλία,
3157 3157 3492 3242 ἀσφάλεια,
3552 3158 3814 3234 ἀτέλεια)
3872 3159 3946 3216 ab

457 3242 972 3321 Amphictionibus
1031 3244 1423 3303 decernuntur
1466 3244 1575 3322 (1),
1634 3247 1835 3323 paucis
1879 3266 2017 3303 vero
2071 3247 2240 3303 annis
2297 3258 2428 3324 post
2478 3245 2734 3304 medium
2777 3244 3077 3303 saeculum
3118 3244 3366 3302 alterum
3397 3242 3587 3301 denuo
3629 3245 3709 3300 ita
3749 3243 3950 3301 confir-

456 3337 707 3397 mantnr,
742 3338 807 3385 ut
838 3327 1019 3385 verba
1047 3327 1337 3387 addantur
1364 3348 1718 3407 magnopere
1741 3329 2032 3387 notanda:
2080 3326 2188 3390 ἐάν
2213 3328 2300 3408 μή
2329 3353 2384 3390 τι
2409 3326 2730 3408 Ῥωμαίοις
2763 3324 3112 3390 ὑπεναντίον
3135 3317 3194 3409 ᾖ.
3240 3326 3464 3400 Quodsi
3494 3325 3947 3397 consideramus,

458 3429 634 3487 quam
675 3408 901 3469 diversa
934 3411 1157 3469 ratione
1188 3410 1416 3471 duobus
1459 3413 1575 3471 illis
1620 3413 1806 3470 titulis
1850 3412 1925 3470 de
1966 3414 2252 3471 artificum
2295 3414 2621 3493 privilegiis
2666 3423 3021 3492 exponatur,
3067 3409 3353 3488 quomodo
3397 3412 3456 3468 in
3497 3411 3679 3469 altero
3721 3422 3947 3467 tantum

460 3491 535 3550 ad
576 3493 890 3571 privilegia
932 3495 1093 3571 prius
1135 3515 1406 3553 concessa
1451 3498 1742 3575 expressis
1787 3496 1984 3554 verbis
2030 3507 2361 3566 revocetur,
2419 3498 2613 3555 facere
2658 3516 2775 3554 non
2823 3515 3086 3574 possum,
3129 3495 3269 3572 quin
3314 3494 3558 3573 Sauppii
3600 3496 3948 3551 sententiam

458 3575 540 3654 (p.
574 3579 610 3634 7
636 3586 708 3641 s.)
755 3577 1200 3655 improbem⁵¹),
1263 3579 1364 3657 qui
1408 3582 1582 3637 etiam
1624 3580 1815 3657 priore
1870 3579 1973 3636 illo
2019 3580 2251 3638 decreto
2295 3581 2607 3658 privilegia
2648 3600 2764 3638 non
2809 3578 3106 3649 constitui,
3165 3576 3269 3636 sed
3309 3579 3576 3636 renovari
3619 3575 3948 3634 contendat.

456 3658 627 3717 Haec
680 3680 772 3718 res
815 3662 1063 3718 alicuius
1108 3664 1383 3720 momenti
1430 3674 1535 3723 est.
1622 3663 1870 3720 Etiamsi
1915 3666 2066 3722 enim
2116 3661 2342 3724 ἀσυλία
2387 3665 2660 3721 technitis
2689 3664 2894 3742 prioris
2923 3662 3140 3720 decreti
3175 3662 3536 3739 temporibus
3564 3654 3681 3720 ὗπό
3709 3655 3951 3720 πάντων

452 3747 579 3803 τῶν
614 3738 921 3822 Ἑλλήνων
963 3743 1044 3817 (v.
1078 3745 1182 3823 13)
1225 3747 1340 3803 iam
1384 3745 1523 3804 data
1565 3756 1735 3816 esset,
1781 3758 1977 3805 tamen
2020 3748 2506 3806 verisimillimum
2544 3746 2775 3806 videtur
2816 3747 2874 3804 id
2921 3766 3038 3803 non
3083 3745 3282 3802 multis
3329 3745 3498 3802 annis
3540 3753 3677 3801 ante
3730 3744 3946 3801 factum

457 3845 603 3898 esse,
643 3828 721 3885 ab
766 3828 1284 3906 Amphictionibus
1327 3850 1465 3887 vero
1507 3838 1629 3887 tum
1677 3828 1911 3888 demum
1955 3832 2266 3908 privilegia
2309 3831 2413 3888 illa
2452 3831 2720 3889 sollemni
2763 3828 2934 3887 modo
2989 3832 3051 3886 in
3108 3840 3326 3886 certam
3384 3828 3628 3885 formam
3692 3825 3944 3895 redacta,

456 3910 609 3986 quod
656 3930 772 3988 qua
816 3911 889 3969 de
932 3931 1110 3969 causa
1150 3912 1426 3971 acciderit
1466 3914 1621 3971 infra
1662 3913 1992 3971 videbimus
2010 3916 2107 3992 52).

756 4075 826 4143 ⁴⁶)
866 4078 967 4128 vit.
992 4077 1155 4141 Soph.
1180 4096 1229 4140 p.
1257 4078 1368 4139 1:28,
1389 4081 1455 4127 33
1471 4080 1563 4130 W.
1604 4082 1732 4144 φησὶ
1753 4071 1811 4128 δὲ
1822 4075 2040 4143 Ἴστρος
2068 4118 2079 4129 .
2105 4118 2116 4129 .
2144 4115 2157 4131 .
2178 4078 2296 4133 ταῖς
2320 4118 2330 4129 .
2358 4118 2369 4130 .
2394 4078 2644 4133 Μούσαις
2665 4079 2865 4129 θίασον
2890 4073 2945 4127 ἐκ
2967 4078 3073 4128 τῶν
3093 4070 3527 4141 πεπαιδευμένων
3548 4077 3868 4141 συναγαγεῖν.
3885 4101 3944 4112 -

458 4143 538 4190 De
574 4144 731 4193 variis
766 4147 1036 4196 sententiis
1072 4160 1123 4199 v·
1160 4145 1424 4210 Sybelium
1465 4144 1709 4209 (Hermes
1747 4148 1822 4195 IX
1859 4163 1909 4210 p.
1946 4148 2045 4195 218
2059 4143 2123 4210 s.)
2161 4156 2213 4195 et
2246 4146 2556 4195 Muellerum
2595 4148 2670 4210 (p.
2705 4148 2805 4196 393
2844 4149 2965 4195 adn.
3000 4147 3071 4211 4).

760 4213 807 4244 ⁴⁷
866 4211 943 4266 Cf.
979 4215 1175 4263 Athen.
1212 4212 1285 4264 lx
1320 4230 1370 4278 p.
1408 4214 1555 4263 4071)
1593 4217 1655 4262 (16
1698 4214 1988 4263 Alcibiadis
2025 4224 2211 4263 aetate.

758 4280 805 4312 ⁴⁸
867 4281 1019 4339 Quod
1071 4283 1454 4331 Demosthenes
1507 4284 1570 4330 (16
1619 4283 1881 4330 chorentis
1935 4298 1967 4330 a
2013 4282 2286 4345 stipendiis
2335 4284 2512 4331 liberis
2562 4282 2711 4339 dicit,
2764 4283 2814 4329 id
2878 4284 3041 4330 miror
3085 4282 3350 4343 quomodo
3398 4294 3430 4326 a
3478 4278 3604 4325 viris
3653 4279 3819 4325 doctis
3859 4274 3945 4339 (cf.

459 4344 803 4407 Lollingium,
838 4348 1117 4398 MDAJIII
1150 4367 1201 4414 p.
1245 4348 1361 4415 137)
1408 4365 1522 4399 cum
1572 4348 1771 4410 legibus
1811 4352 1875 4398 de
1912 4351 2150 4398 technitis
2190 4350 2311 4397 latis
2349 4351 2640 4412 comparari
2685 4349 2887 4412 possit3
2935 4365 3104 4412 neque
3140 4348 3277 4395 enim
3314 4346 3386 4394 ibi
3426 4348 3488 4394 de
3525 4346 3605 4393 his
3642 4359 3813 4393 sermo
3851 4352 3945 4405 est,

460 4416 552 4463 sed
591 4416 654 4462 de
692 4416 986 4473 choreum,
1023 4419 1054 4467 i.
1092 4432 1135 4467 e.
1178 4420 1241 4466 de
1278 4419 1473 4466 civibus
1513 4418 1820 4480 quibusdam
1858 4417 2286 4476 Atheniensibus,
2325 4418 2410 4479 qui
2446 4433 2542 4465 usn
2580 4432 2688 4466 non
2726 4418 2842 4478 lege
2880 4418 3084 4480 excepti
3122 4424 3287 4465 erant.
3356 4414 3585 4462 Tantum
3635 4413 3769 4460 enim
3817 4411 3948 4461 afuit

454 4492 517 4531 ut
555 4483 811 4531 choreuta
846 4485 999 4531 certis
1033 4485 1233 4547 legibus
1269 4494 1531 4535 vetaretur
1568 4485 1833 4548 stipendia
1870 4485 2057 4545 faeere,
2095 4495 2152 4533 ut
2187 4484 2307 4533 illos
2346 4499 2552 4547 quoque
2589 4488 2654 4535 ad
2693 4487 2927 4535 militiam
2965 4485 3079 4545 cogi
3115 4484 3397 4531 videamus,

759 4547 830 4614 ⁴⁹)
875 4551 958 4601 Cf.
994 4552 1315 4602 Koehlerum
1351 4556 1416 4602 ad
1461 4553 1651 4603 CJAII
1690 4554 1781 4602 551
1825 4561 1876 4601 et
1913 4568 2049 4611 eum,
2087 4553 2173 4615 qui
2211 4567 2376 4615 nuper
2412 4556 2566 4602 docte
2608 4557 2671 4603 de
2693 4555 3015 4615 Delphorum
3054 4549 3400 4610 chronologia
3439 4549 3562 4608 egit,
3601 4544 3945 4596 Pomtowium

455 4614 731 4681 (Fleckeis.
773 4615 956 4667 Jahrb.
995 4619 1121 4669 1894
1158 4637 1208 4683 p.
1247 4622 1387 4685 500).
1460 4621 1579 4681 Quo
1619 4623 1727 4670 iure
1764 4621 2046 4669 Muellerus
2097 4637 2147 4683 p.
2181 4622 2277 4669 394
2336 4623 2455 4672 adn.
2487 4626 2518 4669 3
2573 4622 2871 4670 etiamnunc
2908 4620 3193 4683 Sauppium
3245 4619 3314 4666 sit
3359 4625 3580 4672 secutus,
3625 4630 3732 4662 non
3771 4616 3942 4664 videO.

761 4684 825 4747 ⁵⁰)
864 4684 1074 4749 Optime
1109 4699 1230 4750 post
1262 4690 1599 4739 Foucartium
1638 4687 1708 4753 (p.
1739 4686 1791 4752 6)
1841 4698 1893 4737 et
1928 4689 2269 4737 Luedersium
2325 4686 2396 4752 (p.
2423 4686 2563 4750 593.)
2614 4687 2905 4736 Alexandri
2941 4686 3118 4748 Magni
3155 4686 3426 4735 Reisehius
3463 4682 3537 4746 (p.
3561 4680 3648 4746 73)
3682 4682 3944 4731 rationem

460 4751 656 4802 habuit.
730 4752 1042 4803 Alexander
1075 4754 1333 4811 Διόνυσος
1368 4758 1434 4805 ab
1469 4756 1884 4806 Atheniensibus
1924 4756 2242 4820 appellatur:
2281 4757 2347 4805 L.
2385 4757 2541 4814 Diog.
2567 4756 2640 4803 VI
2676 4756 2759 4803 63.

760 4820 824 4884 ⁵¹)
862 4838 906 4871 v.
944 4822 1077 4872 74⁸:
1130 4817 1550 4890 dvavsvrsswvstm]
1594 4824 1693 4889 τήν
1735 4817 2058 4890 δεδομέν[ην
2100 4824 2216 4877 τοῖς
2256 4820 2540 4888 teptheus
2567 4823 2683 4875 ’τοῖς
2719 4818 2775 4871 ἐν
2805 4816 3075 4886 Ἀθήναις
3107 4820 3377 4888 πρότερον
3409 4816 3514 4867 ὑπὸ
3555 4814 3683 4883 [τῶν
3715 4813 3945 4883 ’Akupa-

453 4884 703 4966 κτιόνω[ν
737 4884 957 4939 ἀσυλίαν
988 4883 1127 4947 κτλ.;
1167 4905 1211 4939 v.
1238 4890 1329 4940 ’572
1367 4889 1709 4961 συντηρῆσα[ι
1740 4892 1808 4943 τὰ
1844 4889 2215 4959 ψηφισθέν]τα
2264 4889 2469 4945 ἑαυτοῖς
2503 4885 2891 4955 φιλάνθρωπας
2941 4906 2986 4941 v.
3015 4890 3118 4938 783
3147 4902 3160 4939 t
3209 4884 3315 4954 [τὰ]
3349 4886 3618 4954 πρότερον
3651 4878 3943 4951 δεδογμένα

450 4958 824 5087 ssessmomeii)
866 5025 1083 5090 Sanppii
1119 5025 1428 5074 sententiam
1472 5041 1583 5075 non
1619 5028 1732 5077 sine
1767 5028 1946 5092 aliqua
1982 5027 2306 5077 dubitatione
2343 5026 2635 5075 Kochlerus
2673 5034 2753 5074 est
2773 5035 2997 5085 secutus,
3035 5024 3199 5086 quiin
3228 5019 3425 5073 CJAII
3457 5037 3509 5084 p.
3542 5022 3642 5097 328
3677 5023 3741 5068 de
3775 5020 3944 5082 asylia
3991 5080 3996 5085 ⁴

456 5106 747 5151 „concessa
799 5094 905 5141 sive
962 5093 1310 5143 confirmata“
1350 5094 1600 5156 loquitur.
1670 5095 1856 5145 Melius
1894 5096 2194 5155 Lollingius
2233 5092 2533 5159 (MDAJIII
2567 5111 2618 5158 p.
2663 5091 2780 5158 136)
2825 5108 2932 5142 rem
2979 5092 3240 5142 definivit:
3287 5087 3498 5151 „Durcfi
3551 5088 3633 5135 1116
3682 5101 3782 5134 0⁰⁷²
3829 5085 3942 5134 dem

3609 5190 3638 5219 ⁸)

3610 5224 3638 5236 fl
