4550 5734
469 557 649 615 fuisse
692 564 907 625 censet,
948 554 1296 612 Foucartius
1340 563 1536 610 antem
1580 551 1638 609 id
1671 572 1879 632 corpus
1921 554 2213 629 intellegit
2254 555 2513 633 ipsorum
2558 552 2916 627 histrionum,
2964 558 3064 634 qui
3107 557 3184 614 ab
3230 554 3359 612 aliis
3392 552 3688 613 sodalibus
3719 557 3950 633 collegii

472 641 636 699 velut
675 660 711 697 a
753 639 982 695 musicis
1025 650 1086 695 et
1126 638 1314 716 poetis
1356 635 1802 732 distinguantur,
1837 636 2097 733 ’denique
2138 638 2446 695 Reischius
2482 648 2562 713 tp.
2601 635 2824 715 1053),
2867 659 3039 715 quem
3087 638 3408 697 Muellerus
3452 638 3533 715 (p.
3562 642 3681 698 395
3721 639 3857 701 adn.
3887 640 3952 719 4)

474 725 709 804 probat,
753 720 827 779 de
870 722 1359 818 deuteragonistis
1401 730 1460 778 et
1500 721 1882 795 tritagonistis
1935 726 2166 798 cogitat.
2253 720 2548 780 Videlicet
2599 722 2867 779 vocabuli
2923 723 3012 779 vis
3065 744 3181 781 non
3224 732 3311 778 est
3360 741 3456 791 ea,
3507 732 3572 779 ut
3622 734 3954 782 constanter

473 827 648 866 unam
702 803 1038 902 explicandi
1111 806 1396 863 rationem
1451 804 1872 881 amplectamur
1930 824 2165 864 necesse
2216 806 2309 863 sit.
2411 804 2494 862 Ut
2545 805 2697 862 enim
2753 824 2895 862 voce
2940 804 3271 885 &yconomi
3318 807 3372 862 ei
3433 807 3833 881 significantur
3894 809 3952 864 in

474 892 669 961 titulis,
715 889 815 967 qui
859 888 1163 946 certamini
1207 888 1439 946 cuidam
1482 888 1767 955 intersint,
1807 888 1890 945 ita
1932 913 2008 949 σι
2014 883 2386 968 ναμυνιστῆς
2428 902 2486 945 et
2530 889 3047 968 συναγωνίζεσθαι
3095 892 3255 947 vario
3300 888 3471 946 modo
3481 852 3596 947 ¹³de
3635 890 3955 948 artificibus

472 994 589 1032 una
633 936 707 1031 de
750 974 949 1051 palma
991 972 1351 1029 certantibus
1393 982 1707 1047 usurpatur
1724 971 1824 1046 ⁵⁸).

770 1055 1204 1134 Synagonistas
1246 1053 1479 1133 quidem
1525 1055 1805 1129 tragicos,
1851 1055 1950 1133 qui
1995 1074 2112 1111 non
2154 1054 2342 1111 solum
2387 1056 2447 1110 in
2491 1054 2675 1112 'Peiae
2718 1053 2930 1131 synodi
2973 1053 3207 1112 decreto
3252 1055 3430 1129 (l7v.
3459 1054 3589 1128 36),
3634 1054 3734 1112 sed
3778 1057 3951 1113 etiam

472 1141 532 1198 in
573 1138 866 1217 Delphico
909 1139 1093 1215 (29v.
1132 1138 1234 1215 16)
1280 1150 1336 1195 et
1369 1139 1741 1216 Aegyptiaco
1787 1142 1965 1203 (35v
2000 1142 2103 1202 38)
2152 1139 2536 1214 reperiuntur,
2577 1137 2912 1195 Reischium
2955 1150 3112 1195 recte
3155 1138 3654 1214 deuteragonistas
3697 1150 3755 1196 et
3794 1141 3952 1197 trita-

468 1227 727 1299 gonistas
790 1222 1149 1280 intellexisse
1192 1240 1415 1279 censeo,
1501 1220 1807 1293 Quomodo
1863 1233 2058 1279 autem
2100 1223 2398 1299 proprium
2440 1215 2645 1282 κοινόν
2688 1221 2892 1278 talium
2936 1223 3449 1298 synagonistarum
3499 1222 3611 1279 'lei
3654 1223 3955 1293 exstiterit,

469 1308 691 1383 fingere
717 1306 866 1363 mihi
911 1324 1027 1362 non
1059 1325 1312 1381 possum,
1357 1305 1700 1383 praesertim
1730 1325 1860 1362 cum
1904 1307 1956 1362 si
1988 1304 2071 1362 illi
2116 1317 2308 1362 essent
2336 1303 2716 1379 intellegendi
2760 1303 3108 1362 adiectivum
3132 1301 3419 1384 τραγικός
3462 1326 3577 1362 ιιοιι
3621 1303 3952 1363 defuturum

469 1409 599 1448 esse
641 1391 863 1468 opiner.
952 1388 1144 1460 Quam
1177 1388 1579 1446 difficultatem
1626 1400 1691 1446 ut
1732 1390 1901 1447 tollat
1931 1388 2236 1446 Reischius
2282 1387 2420 1444 dicit
2451 1407 2653 1445 vocem
2685 1390 3098 1464 synagonistae
3123 1408 3539 1465 nonnunquam
3581 1388 3698 1445 alio
3722 1409 3954 1466 quoque

468 1493 645 1532 sensu
688 1472 957 1530 adhiberi
998 1474 1255 1549 potuisse
1300 1470 1381 1551 (p.
1419 1476 1532 1530 106
1578 1470 1708 1528 adn.
1735 1469 1827 1549 2),
1892 1472 2206 1547 collegium
2261 1481 2458 1528 tamen
2502 1470 2587 1541 id,
2645 1471 2718 1529 de
2763 1492 2877 1548 quo
2922 1470 3190 1545 dicimuS,
3242 1474 3474 1530 omnino
3535 1491 3651 1529 non
3697 1476 3952 1551 respicit3

471 1577 591 1634 qua
634 1555 708 1613 de
730 1575 907 1613 causa
947 1557 1007 1612 in
1035 1555 1144 1614 hoc
1188 1553 1535 1633 explicando
1568 1555 1888 1612 Muellerus
1929 1576 2044 1613 ιιοιι
2087 1554 2162 1611 ad
2200 1556 2392 1612 virum
2435 1555 2598 1612 illum
2644 1555 3042 1612 doctissimum
3086 1574 3359 1613 revocare
3387 1554 3658 1613 debebat.
3730 1556 3953 1629 Quodsi

473 1660 546 1697 ea
589 1650 946 1718 reputamuS,
1002 1659 1152 1735 quae
1196 1638 1270 1696 de
1322 1639 1741 1696 vocabulorum
1785 1635 1988 1698 κοινόν
2030 1648 2089 1695 et
2132 1634 2392 1709 ιιῦιοὸος
2435 1659 2544 1695 usu
2589 1638 2982 1710 disseruimus,
3025 1648 3084 1696 et
3126 1637 3390 1696 videmus
3441 1641 3951 1716 synagonistarum

474 1722 624 1781 illud
665 1723 974 1798 collegium
1018 1724 1207 1780 sexies
1248 1721 1362 1778 dici
1408 1717 1636 1794 κοινόν,
1690 1742 1990 1799 nunquam
2036 1718 2296 1782 σίνοὸον
2350 1741 2539 1799 neque
2583 1722 2757 1779 deum
2804 1742 3045 1799 usquam
3091 1724 3555 1790 commemorari,
3613 1722 3835 1781 haesito
3878 1744 3951 1781 an

478 1807 665 1864 minus
740 1818 865 1863 arta
940 1809 1183 1864 societas
1260 1806 1333 1862 sit
1411 1804 1810 1881 intellegenda
1878 1824 2054 1884 quam
2110 1825 2388 1879 magnum
2445 1804 2591 1863 illud
2651 1806 2963 1881 collegium
3026 1806 3326 1866 Teiorum.
3432 1804 3954 1865 considerantibus

477 1900 669 1947 autem
712 1889 883 1947 nobis
931 1889 1087 1947 haud
1130 1909 1261 1947 raro
1304 1889 1565 1965 singulos
1621 1900 1724 1946 aut
1756 1909 1974 1968 paucos
2017 1889 2305 1946 technitas
2357 1888 2431 1945 ad
2475 1890 2784 1946 sollemnia
2838 1889 3189 1946 celebranda
3232 1909 3358 1947 esse
3400 1891 3636 1959 misSOS,
3692 1909 3837 1967 quos
3878 1889 3953 1948 ad

474 1974 591 2030 alia
624 1972 874 2047 collegia
918 1992 979 2030 se
1023 1974 1350 2051 applicasse
1379 1971 1701 2050 putandum
1745 1975 1817 2030 sit
1839 1974 1942 2049 ⁵⁹),
1988 1972 2321 2029 Boeckhius
2367 1984 2522 2030 recte
2551 1974 2800 2031 sensisse
2848 1973 3081 2031 videtur
3106 1969 3561 2052 orvaywvmuig
3602 1973 3734 2030 illos
3777 1973 3956 2031 fuisse

473 2055 747 2127 artifice8‚
807 2057 909 2133 qui
971 2057 1218 2131 collegio
1280 2056 1563 2114 Teiorum
1624 2054 1697 2113 ad
1750 2055 1904 2113 diem
1958 2054 2249 2133 quendam
2311 2055 2522 2113 festum
2574 2055 2989 2114 celebrandum
3051 2076 3111 2113 se
3167 2058 3550 2134 applicarent.
3637 2056 3771 2115 Hac
3822 2078 3954 2114 cum

472 2142 764 2197 sententia
805 2140 1025 2217 optime
1068 2141 1370 2211 convenit,
1423 2140 1580 2217 quod
1622 2141 1683 2197 in
1725 2141 2252 2217 synagonistarum‘
2285 2138 2518 2198 decreto
2562 2140 2747 2197 honor
2799 2159 3105 2198 concessus
3148 2160 3264 2198 non
3321 2140 3523 2197 eodem
3567 2139 3736 2197 modo
3779 2152 3955 2218 atque

471 2224 530 2280 in
577 2222 824 2282 decretis
866 2223 1047 2300 ipsius
1088 2222 1323 2300 collegii
1364 2222 1625 2281 eiusdem
1678 2224 1799 2281 fere
1842 2225 2118 2301 temporis
2161 2222 2261 2299 (11
2292 2244 2347 2281 v.
2380 2228 2492 2295 233
2544 2224 2615 2280 cf.
2647 2245 2701 2280 v.
2732 2225 2842 2295 283
2903 2228 3055 2282 12v.
3088 2229 3192 2295 15,
3251 2224 3356 2301 20)
3401 2223 3625 2301 publici
3683 2226 3822 2281 iuris
3865 2225 3955 2297 fit3

470 2324 604 2363 cum
650 2308 805 2364 enim
846 2306 929 2363 ibi
975 2318 1131 2365 certo
1177 2306 1427 2384 quodam
1472 2305 1567 2363 die
1609 2306 1756 2364 festo
1807 2306 1987 2365 honos
2028 2307 2451 2411 proclamuatur,
2497 2309 2558 2364 in
2600 2308 3106 2385 synagonistarum
3151 2306 3383 2365 decreto
3429 2317 3662 2364 exstant
3701 2314 3785 2382 (v.
3822 2313 3956 2381 161:

472 2386 535 2449 ἕν
561 2413 624 2450 τε
665 2395 753 2450 ra}
796 2395 977 2449 κοινιῦ
1024 2391 1245 2472 δείπνῳ
1287 2396 1411 2452 τῶν
1454 2397 1918 2469 συναγιυνιστῶν
1964 2391 2063 2449 καὶ
2111 2391 2173 2450 ἓν
2214 2413 2303 2450 w
2349 2386 2617 2473 &scirpum
2705 2389 2858 2448 lllud
2907 2410 3061 2459 vere,
3109 2390 3264 2467 quod
3307 2396 3648 2471 στεφανοῦν
3679 2388 3780 2450 διὰ
3814 2393 3954 2465 βίοι

471 2454 848 2543 decernatur,
895 2476 1098 2531 maiori
1140 2454 1388 2551 collegio
1435 2475 1801 2531 commissum
1865 2494 1994 2532 esse
2056 2474 2193 2531 inde
2253 2493 2540 2552 apparere
2602 2475 2885 2545 existimO,
2949 2473 3105 2552 quod
3167 2486 3400 2552 tempus
3464 2473 3778 2531 coronandi
3838 2495 3952 2532 non

472 2557 838 2614 constituitur
855 2556 957 2635 ⁶⁰).

770 2640 884 2697 His
926 2642 1065 2698 satis
1110 2640 1388 2715 cognitES,
1451 2658 1605 2717 quae
1646 2642 1759 2697 iam
1807 2640 2099 2717 explicata
2140 2650 2309 2709 sunt,
2366 2660 2520 2697 nunc
2566 2659 2750 2717 pauca
2796 2638 3056 2697 dicamus
3110 2637 3182 2695 de
3227 2639 3458 2711 collegii
3505 2639 3640 2696 Teii
3695 2637 3953 2696 historia.

471 2723 674 2801 Atque
701 2722 997 2782 conditum
1018 2723 1076 2781 id
1103 2744 1231 2781 esse
1263 2723 1644 2799 regnantibus
1674 2723 1974 2781 diadochis
2007 2724 2349 2793 Alexandri,
2383 2743 2556 2801 quem
2584 2739 2642 2781 et
2673 2725 2863 2800 ipsum
2895 2724 3145 2780 maxime
3175 2723 3288 2780 Tei
3312 2742 3437 2779 esse
3467 2723 3688 2779 cultum
3716 2736 3956 2795 constat,

472 2806 910 2865 Hirschfeldius
954 2807 1402 2885 (AZXXXIII,
1451 2810 1608 2865 1876
1655 2827 1693 2885 p
1744 2804 1850 2885 26)
1895 2828 2007 2864 non
2054 2807 2207 2863 male
2248 2811 2572 2884 suspicatus
2615 2818 2716 2864 est.
2805 2805 3236 2879 Quaerentibus
3263 2818 3458 2863 autem
3490 2805 3674 2881 nobis·‚
3719 2807 3953 2883 quando

471 2890 621 2948 illud
665 2891 978 2967 collegium
1021 2893 1081 2949 in
1123 2890 1528 2949 claritudinem
1573 2892 1924 2967 pervenerit,
1971 2892 2122 2948 tituli
2166 2890 2324 2947 illius
2366 2892 2514 2948 ratio
2558 2890 2828 2948 habenda
2870 2901 2972 2959 est,
3018 2891 3077 2947 in
3120 2910 3236 2966 quo
3268 2891 3533 2947 homines
3575 2891 3830 2946 maxime
3875 2892 3954 2967 pii

474 2978 580 3047 (11
603 2994 660 3031 v.
693 2977 765 3032 21
805 2970 883 3056 οἱ]
919 2976 981 3035 ἐκ
1014 2971 1258 3036 πάντων
1285 2980 1408 3034 τῶν
1432 2969 1739 3051 Ἑλλήνων
1764 2972 2218 3050 εὗσεβέστατοι)
2264 2974 2564 3031 oraculum
2608 2975 2792 3032 secuti
2829 2973 3121 3051 Apollinis
3166 2973 3437 3051 Delphici
3484 2975 3566 3030 eis
3609 2993 3722 3030 non
3766 2974 3953 3031 solum

472 3058 719 3115 honores
759 3060 1127 3127 concessisse,
1172 3057 1273 3115 sed
1318 3056 1486 3114 ludos
1529 3059 1814 3114 maximos
1872 3055 2308 3115 commendasse
2350 3057 2655 3116 dicuntur:
2719 3057 2964 3134 Delphis
3015 3056 3237 3133 Pythia
3279 3067 3338 3114 et
3381 3058 3632 3125 Soteris,
3680 3057 3954 3136 Thespiis

471 3141 708 3213 Musca,
773 3141 1002 3201 Thebis
1062 3141 1367 3201 Heraclea.
1457 3140 1599 3197 Illos
1660 3160 1800 3198 vero
1844 3141 2105 3198 homines
2146 3140 2589 3218 Amphictiones
2632 3159 2759 3199 esse
2803 3137 3251 3210 existimandOS,
3316 3142 3415 3217 qui
3470 3140 3646 3198 iidem
3691 3142 3954 3213 Atticum

471 3221 787 3300 collegium
830 3226 1154 3303 privilegiis
1196 3224 1571 3293 donaverint,
1632 3223 1990 3282 Luedersius
2039 3234 2129 3302 (p.
2165 3227 2246 3282 60
2266 3223 2335 3301 S.)
2380 3225 2837 3283 luculentissime
2881 3222 3318 3282 demonstravit.
3406 3223 3577 3295 Quod
3623 3243 3760 3281 vero
3801 3223 3953 3281 idem

470 3307 561 3365 vir
602 3307 805 3365 doctus
836 3321 1065 3387 tempus
1109 3308 1265 3366 illius
1293 3308 1767 3386 Amphictionum
1813 3309 2029 3366 decreti
2071 3328 2140 3365 eo
2184 3307 2354 3365 modo
2394 3309 2707 3379 constituit,
2755 3319 2820 3366 ut
2861 3306 2999 3364 inde
3028 3306 3183 3383 quod
3228 3309 3284 3365 in
3331 3306 3576 3365 decretis
3610 3308 3952 3365 Aetolorum

470 3401 531 3449 et
573 3391 937 3469 Delphorum
984 3392 1078 3469 (93
1131 3391 1263 3470 10),
1309 3394 1519 3469 quibus
1560 3393 1839 3449 Teiorum
1883 3392 2105 3449 civitati
2150 3392 2460 3469 privilegia
2502 3393 2666 3449 initio
2708 3393 2832 3450 fere
2874 3391 3092 3447 saeculi
3132 3391 3374 3449 alterius
3419 3390 3829 3461 concedantur,
3877 3390 3954 3448 ad

470 3475 576 3532 illa
616 3476 977 3552 respiciatur,
1022 3476 1235 3553 quibus
1277 3477 1439 3553 prius
1478 3475 1749 3533 technitis
1781 3476 2094 3552 privilegia
2135 3474 2340 3532 eadem
2382 3474 2517 3534 data
2560 3477 2691 3545 sint,
2739 3472 3204 3532 concludendum
3248 3486 3480 3531 censeat
3521 3485 3655 3532 ante
3698 3473 3954 3532 medium

468 3557 590 3615 fere
634 3559 930 3617 saeculnm
973 3561 1210 3617 tertium
1262 3560 1456 3638 priora
1511 3559 1614 3615 illa
1655 3558 1890 3616 decreta
1935 3560 2089 3616 tacta
2129 3577 2271 3628 esse,
2320 3559 2590 3636 equidem
2639 3560 2859 3617 haesito
2901 3578 2978 3614 an
3023 3556 3208 3615 altera
3250 3556 3482 3616 demum
3527 3570 3692 3636 parte
3734 3558 3952 3615 saeculi

471 3642 628 3699 tertii
670 3642 854 3700 Teiae
915 3641 1139 3721 synodo
1201 3653 1259 3699 et
1299 3642 1606 3720 privilegia
1665 3642 1769 3699 illa
1812 3662 2087 3700 concessa
2145 3654 2202 3699 et
2246 3641 2370 3699 ludi
2422 3643 2713 3700 commissi
2757 3644 2898 3711 sint,
2952 3643 3293 3719 praesertim
3350 3660 3482 3698 cum
3527 3642 3954 3720 antiquioribus

472 3724 589 3783 illis
633 3726 994 3803 temporibus
1036 3725 1481 3803 Amphietiones
1523 3725 1746 3802 synodo
1791 3727 2024 3783 Atticae
2068 3745 2426 3802 magnopere
2471 3728 2686 3784 favisse
2729 3726 3068 3785 viderimus,

770 3812 853 3868 At
898 3829 1143 3888 quorsus
1197 3809 1339 3866 haee
1396 3818 1515 3865 tam
1558 3810 1744 3867 multa
1799 3807 1872 3866 de
1913 3808 2206 3887 prioribus
2263 3808 2497 3885 collegii
2541 3809 2920 3887 temporibuS,
2984 3809 3197 3886 quibus
3239 3808 3732 3883 Pergamenorum
3786 3827 3954 3882 reges

470 3891 559 3949 illi
602 3894 970 3969 prospexisse
1023 3913 1139 3950 non
1183 3893 1607 3970 comperimus?
1680 3893 1974 3950 Eumenes
2024 3893 2104 3952 11.
2163 3893 2452 3969 quomodo
2497 3892 2704 3971 synodi
2761 3892 3127 3950 condiciones
3171 3891 3546 3960 ordinaverit,
3604 3911 3680 3949 ex
3723 3890 3953 3950 decreto

469 3974 574 4032 illo
617 3979 1035 4049 cognoscimuS,
1080 3975 1235 4053 quod
1274 3976 1548 4051 Pergami
1593 3988 1886 4053 repertum
1936 3975 2329 4034 Fraenkelius
2373 3975 2520 4053 (Die
2565 3975 2952 4052 lust-hrasten
2997 3994 3052 4033 v.
3080 3972 3262 4053 Per-g.
3300 3996 3390 4032 ιιο.
3425 3979 3567 4043 163)
3623 3974 3953 4034 doctissime

470 4060 757 4116 tractavit.
844 4060 1163 4137 Postquam
1208 4061 1362 4117 enim
1406 4059 1521 4116 illis
1564 4060 1922 4137 temporibus
1978 4061 2131 4117 inter
2173 4060 2466 4116 civitatem
2509 4061 2716 4117 Teiam
2775 4072 2834 4117 et
2875 4060 3186 4135 collegium
3231 4058 3514 4116 artificum
3574 4058 3647 4116 de
3691 4060 3953 4136 pecuniis

468 4139 541 4196 ab
583 4140 700 4198 illis
744 4144 953 4201 solutis
979 4144 1055 4221 (B
1079 4141 1203 4201 Col.
1236 4142 1327 4220 11)
1353 4154 1409 4200 et
1442 4143 1514 4200 de
1546 4144 2014 4220 panegyriarcho
2060 4142 2466 4201 constituendo
2491 4142 2589 4219 (C)
2623 4143 2956 4201 discrimina
2996 4156 3124 4200 orta
3152 4154 3304 4211 sunt,
3351 4161 3452 4199 rex
3485 4142 3950 4200 Aristomachum

773 4358 836 4421 ⁵⁸)
872 4361 932 4407 :21
966 4375 1012 4409 v.
1038 4362 1097 4410 18
1133 4358 1345 4435 (Teoslz
1386 4354 1441 4407 ἐκ
1480 4358 1583 4421 τῷν
1618 4376 1633 4404 ι
1626 4350 1787 4406 ’Ἣνδιωι
1821 4353 2017 4421 ἔθηκεν
2050 4357 2163 4412 τοῖς
2187 4355 2219 4407 εἰ
2234 4358 2546 4422 ,γωνισταῖςς
2584 4360 2641 4407 6·
2639 4378 2650 4405 ι
2677 4376 2722 4407 v.
2757 4361 2816 4409 14
2859 4358 3276 4424 (Aphrodisias):
3316 4351 3405 4406 δια
3429 4358 3494 4407 τὸ
3517 4356 3639 4411 τούς
3616 4355 3952 4424 αγωνιστιὶς

466 4420 709 4492 [υπερον
743 4420 1095 4507 duod-runicus
1131 4444 1241 4507 &Gl-
1218 4407 1577 4492 ‘Hpoinlscam
1614 4427 1675 4475 71
1707 4443 1734 4472 v
1775 4426 1833 4474 ·.'.²l
1877 4425 2158 4489 (Ancyra):
2196 4424 2304 4489 ἤδη
2337 4445 2460 4480 τοις
2484 4424 2773 4493 αγωνιστάς
2797 4424 3168 4486 ἀνεκαλέσατος
3209 4428 3379 4474 Lebas
3409 4428 3484 4476 111
3513 4427 3606 4473 139
3643 4425 3950 4491 (Ephesus).

463 4494 527 4543 τιὶ
564 4494 778 4559 θέματα
816 4494 931 4547 τοῖς
955 4494 1265 4561 ἀγωνισταῖς
1300 4492 1618 4559 αὐξήσαντα.
1654 4519 1715 4527 —-
1758 4496 2139 4573 orraywvwrtjc
2176 4494 2264 4542 ille
2302 4505 2394 4545 est.
2422 4498 2509 4556 qui
2536 4511 2640 4543 una
2666 4512 2780 4543 cum
2809 4497 2945 4559 aliis,
2982 4512 3089 4544 non
3115 4506 3296 4543 eontra
3319 4494 3451 4541 alios
3477 4496 3540 4541 de
3561 4493 3736 4555 palma
3760 4506 3949 4544 certat:

470 4562 747 4610 PASehIII
792 4578 842 4625 p.
885 4562 975 4612 167
1016 4578 1099 4612 no
1135 4564 1233 4612 ·.)“’“ι
1271 4580 1316 4613 v.
1357 4563 1414 4609 11
1457 4560 1718 4625 (Pisidia).
1767 4557 1859 4609 ἐὰν
1902 4558 2152 4631 εότιχήσῃ
2198 4556 2389 4615 δοῦλος
2427 4562 2664 4625 νεικῆσαι
2696 4562 2792 4612 τοῦ
2825 4565 3062 4627 θέματιις
3110 4564 3172 4613 τὸ
3219 4564 3469 4629 τέταρτον
3499 4564 3688 4626 χωρεῖν
3722 4579 3795 4616 εις
3827 4582 3951 4617 τους

465 4629 847 4708 συναγωνιστὰς
909 4626 1103 4688 αυτοῦς
1152 4632 1242 4679 Β(-
1250 4632 1348 4679 HV
1388 4647 1435 4693 p
1475 4632 1541 4679 35
1578 4627 1850 4692 (Mylasa):
1914 4626 2083 4679 'Eum'
2066 4616 2200 4694 ,ὅθη
2247 4627 2501 4693 Εὐάνθης
2535 4629 2776 4696 Ῥούφου
2821 4638 2906 4679 καὶ
2948 4631 3053 4681 τῶν
3102 4646 3494 4697 σιιαγωνιστων
3538 4630 3750 4709 (Rufum
3803 4632 3949 4679 illum

466 4697 752 4760 principem
794 4697 953 4746 fuisse
990 4697 1323 4760 histrionum,
1370 4698 1459 4760 qui
1505 4698 1782 4762 participes
1819 4696 1957 4745 illius
1994 4699 2291 4746 certaminis
2329 4708 2524 4759 essent,
2571 4700 2706 4748 tituli
2743 4700 2971 4748 editores
3007 4716 3113 4747 non
3151 4700 3263 4747 sine
3301 4697 3476 4760 aliqua
3513 4699 3741 4747 veritatis
3779 4700 3950 4763 speeie

466 4766 713 4828 suspicati
763 4764 922 4829 sunt).
973 4790 1035 4800 —
1088 4766 1145 4814 In
1194 4766 1619 4847 inscriptionibus
1676 4781 1799 4814 vero
1857 4766 2126 4828 Delphicis
2176 4768 2471 4830 nuperrime
2536 4769 2748 4830 repertis
2802 4768 3184 4834 συναγωιιστής
3221 4769 3404 4815 eodem
3459 4762 3618 4814 modo
3673 4778 3951 4830 usurpatur

464 4830 814 4894 (BCHXVIII
850 4851 901 4897 p.
929 4834 993 4883 56
1030 4848 1116 4881 ιιο.
1154 4830 1206 4895 ·²)
1243 4844 1397 4896 atque
1432 4830 1817 4900 ἀνταγωνιστής
1852 4833 1906 4897 (l.
1943 4833 1976 4885 l.
2014 4850 2065 4897 p.
2103 4836 2165 4882 st
2207 4850 2292 4883 nc.
2332 4832 2403 4897 ι).

767 4915 833 4983 ⁵⁹)
869 4919 950 4968 Cf.
992 4918 1215 4966 artifices
1252 4926 1301 4966 et
1339 4934 1405 4966 ex
1442 4932 1660 4966 numero
1710 4916 1966 4966 sodalium
2001 4918 2189 4967 Jasum
2236 4915 2320 4979 (Π
2346 4935 2391 4969 v.
2423 4917 2531 4983 ln),
2583 4919 2818 4982 Delphos
2856 4918 2992 4983 (29),
3043 4919 3148 4967 alio
3206 4918 3394 4967 missos
3446 4927 3498 4966 et
3549 4913 3949 4984 ἑντυγχάιοντας

463 4983 674 5045 collegii
712 4986 973 5034 Isthmiaci
1011 4983 1095 5050 (14
1134 5001 1181 5034 v.
1230 4984 1286 5045 l).

766 5069 830 5129 θ’)
869 5084 918 5121 v.
956 5071 1047 5122 ²1:
1084 5068 1178 5134 τῆς
1215 5062 1272 5119 δὲ
1308 5064 1617 5136 αἰαγγελιάς
1650 5068 1743 5135 τῆς
1776 5068 1871 5120 τοῦ
1907 5070 2166 5137 στεφάνου
2204 5065 2579 5135 ἐπιμελεῖσθαι
2615 5072 2737 5126 τούς
2768 5069 3024 5137 ἄρχοντας
3051 5090 3170 5126 τους
3196 5066 3306 5121 κατ’
3331 5067 3568 5120 ἐνιαυτὸν
3590 5064 3945 5136 ‹tepor-perone.

3582 5169 3646 5201 a*
