4550 5734
2194 375 2269 433 17

781 577 1073 650 Quoniam
1104 586 1296 633 autem
1342 574 1470 632 fieri
1516 576 1720 652 nequit
1762 586 1827 633 ut
1869 575 1978 633 hoc
2007 577 2132 635 loco
2164 575 2237 634 de
2266 577 2514 652 singulis
2544 575 2719 634 rebus
2745 575 3121 650 collegiorum
3155 575 3639 653 Dionysiacorum
3669 575 3966 651 disseram,

486 663 545 720 in
588 659 749 720 aliud
794 672 1026 737 tempus
1071 657 1457 717 differendum
1500 668 1587 717 est
1629 678 1781 735 quae
1824 661 1971 717 ratio
2015 661 2406 718 intercesserit
2445 661 2598 719 iuter
2639 658 2950 733 collegium
2979 659 3360 717 Isthmiacum
3404 671 3463 718 et
3504 662 3764 738 singulas
3793 681 3966 741 syno—

486 744 612 804 dos.
700 745 833 802 Hoc
875 764 1056 801 unum
1101 741 1329 800 addam.
1415 742 1531 801 Tei
1573 742 1824 801 artifices
1867 762 1999 800 cum
2042 742 2513 821 gubernarentur
2555 744 2839 822 imprimis
2893 763 2929 799 a
2971 741 3212 817 regibus
3254 743 3655 817 PergameniS,
3714 746 3965 803 artifices

484 830 665 908 ipsius
709 826 994 886 Graeciae
1024 825 1099 884 ab
1129 826 1640 905 Amphictionibus
1670 825 2055 903 regebantur,
2098 846 2292 905 neque
2323 847 2460 885 vero
2489 847 2527 884 a
2555 827 2802 902 singulis
2830 828 3035 884 saltem
3064 824 3441 884 societatibus
3470 846 3638 903 reges
3666 830 3968 904 neglectos

486 932 609 971 esse
649 910 788 970 inde
825 921 1071 990 apparet
1101 910 1259 988 quod
1292 911 1351 968 in
1382 910 1645 984 Argivae
1675 909 1906 968 decreto
1939 907 2047 988 (30
2076 931 2129 967 v.
2163 910 2269 983 25)
2303 910 2654 969 Nicomedes
2687 910 2762 967 [Ι.
2792 910 3098 983 Bithyniae
3129 930 3232 967 rex
3261 918 3454 968 statua
3485 912 3814 981 honoratur,
3864 913 3965 991 qui

484 998 621 1074 quin
664 1005 799 1075 post
839 996 1335 1070 Pergamenorum
1383 993 1607 1051 obitum
1649 994 1935 1055 artificum
1982 1015 2075 1052 res
2116 993 2363 1052 tuendas
2391 995 2709 1073 susceperit
2739 993 3084 1052 Foucartius
3129 994 3192 1066 (l.
3224 995 3263 1052 l.
3292 1015 3350 1072 p.
3383 993 3528 1069 114)
3572 1014 3687 1052 non
3717 994 3966 1058 dubitat.

782 1079 1027 1137 Praeter
1086 1076 1200 1135 duo
1256 1076 1363 1134 illa
1425 1076 1675 1153 collegia
1728 1078 2115 1150 nobilissima,
2174 1098 2324 1156 quae
2369 1077 2538 1135 modo
2582 1079 2977 1148 tractavimuS,
3037 1076 3265 1135 duabus
3325 1078 3385 1135 in
3441 1078 3571 1136 aliis
3629 1079 3966 1154 regionibus

480 1161 638 1220 orbis
692 1160 904 1221 Graeci
956 1161 1344 1219 technitarum
1403 1158 1683 1218 sodalicia
1740 1163 2136 1222 inveniuntur.
2235 1162 2528 1219 Nimirum
2590 1181 2667 1219 ex
2721 1160 2957 1236 regibus
3012 1161 3291 1240 Aegyptii
3347 1180 3580 1239 quoque
3629 1161 3965 1221 nominandi

480 1256 643 1315 sunt,
698 1266 831 1303 cum
873 1244 1192 1304 artificibus
1236 1257 1293 1303 et
1334 1245 1393 1301 in
1438 1245 1716 1323 Aegypto
1763 1256 1821 1303 et
1862 1246 1922 1303 in
1968 1244 2167 1324 Cypro
2211 1248 2632 1323 prospicerent,
2697 1264 2772 1302 ex
2817 1243 3148 1302 civitatibus
3194 1245 3368 1303 urbes
3412 1244 3702 1322 quaedam
3745 1266 3967 1325 paucae

480 1329 719 1388 Siciliae
762 1329 1103 1406 Italiaeque.

784 1413 855 1471 In
898 1409 1243 1490 Aegyptum
1287 1411 1680 1481 nobilissimos
1723 1413 1971 1470 comicos
2016 1414 2130 1470 iam
2174 1432 2210 1468 a
2250 1411 2589 1469 Ptolemaeo
2635 1410 2786 1488 Lagi
2829 1412 3135 1469 arcessitos
3182 1430 3308 1469 esse
3351 1409 3705 1470 Luedersius
3747 1414 3832 1490 (p.
3861 1408 3969 1491 92)

480 1508 695 1554 monet.
794 1494 966 1570 Quod
1025 1495 1180 1555 idem
1236 1515 1273 1552 a
1332 1495 1671 1554 Ptolemaeo
1724 1495 2113 1575 Philadelpho
2176 1496 2466 1553 hominem
2537 1495 2954 1574 Dionysiacum
3017 1495 3268 1567 nullum,
3325 1494 3386 1551 id
3449 1493 3606 1572 quod
3671 1495 3972 1573 praedicat

479 1580 859 1651 Theocritus,
919 1581 1046 1637 sine
1109 1578 1275 1638 donis
1331 1598 1459 1636 esse
1520 1579 1817 1637 dimissum
1889 1581 2078 1651 affert,
2142 1599 2216 1637 ne
2276 1577 2415 1636 inde
2478 1578 2714 1657 quidem
2767 1581 2883 1636 iam
2943 1589 3068 1636 tum
3111 1577 3401 1656 synodum
3449 1576 3742 1656 quandam
3789 1580 3968 1637 fuisse

487 1663 885 1721 Alexandriae
926 1662 1340 1722 concludamus
1378 1681 1615 1720 necesse
1653 1674 1758 1723 est.
1848 1664 2087 1721 Maioris
2113 1672 2271 1721 certe
2302 1663 2577 1720 momenti
2603 1672 2705 1732 est,
2735 1662 2890 1739 quod
2931 1682 2968 1719 a
2997 1660 3303 1720 Callixeno
3346 1660 3595 1739 (Athen.
3618 1662 3670 1718 V
3690 1684 3747 1742 p.
3777 1666 3894 1722 198
3909 1666 3966 1735 c)

486 1746 777 1805 Philiscus
819 1758 1011 1826 poeta,
1054 1749 1157 1825 qui
1203 1766 1320 1804 una
1362 1766 1493 1805 cum
1538 1746 1810 1805 technitis
1851 1757 2352 1819 commemoratur,
2393 1744 2664 1803 sacerdos
2708 1746 2926 1803 Bacchi
2979 1745 3328 1824 appellatur.
3415 1747 3494 1804 Et
3545 1745 3724 1803 fuisse
3769 1747 3968 1805 Phila·

489 1829 705 1908 delpho
743 1850 883 1907 rege
901 1830 984 1906 ⁹²)
1029 1831 1365 1889 societatem
1410 1829 1692 1887 artificum
1738 1832 1798 1887 in
1837 1832 2117 1910 Aegypto
2163 1849 2319 1888 nunc
2359 1830 2543 1887 titulis
2593 1828 2822 1887 duobus
2867 1829 3145 1887 docemur
3198 1832 3332 1906 (33;
3381 1828 3507 1907 34).
3597 1826 3745 1887 Cum
3790 1831 3971 1907 igitur

492 1914 552 1971 hi
593 1914 744 1972 tituli
787 1916 939 1972 inter
981 1914 1414 1992 antiquissimos
1455 1914 1842 1971 technitarum
1888 1917 2024 1984 sint,
2072 1916 2316 1972 fortasse
2359 1932 2432 1971 ne
2475 1916 2824 1971 recentiores
2880 1912 3118 1991 quidem
3162 1914 3360 1971 Attico
3411 1913 3817 1989 antiquissimo
3860 1911 3970 1993 (1),

489 1996 643 2054 haud
685 1999 800 2055 scio
844 2018 920 2055 an
967 1997 1131 2067 inde,
1194 1996 1348 2074 quod
1392 1997 1565 2055 homo
1612 1996 1849 2075 quidam
1895 1997 1970 2054 ob
2016 1997 2072 2055 id
2117 2000 2307 2076 ipsum
2354 1996 2651 2065 laudetur,
2711 1996 2866 2074 quod
2913 1997 3298 2056 technitarum
3344 2016 3434 2054 res
3476 1994 3571 2073 (τὰ
3617 1998 3970 2075 τεχνίτευμα

486 2083 563 2139 33
592 2101 648 2140 v.
684 2082 789 2157 11)
834 2083 1081 2153 auxerit,
1123 2082 1242 2139 illis
1282 2081 1516 2140 demum
1562 2080 1923 2160 temporibus
1966 2082 2279 2158 collegium
2324 2081 2568 2138 certiore
2611 2079 2863 2157 quodam
2905 2079 3077 2138 modo
3106 2082 3475 2138 constitutum
3509 2099 3637 2137 esse
3665 2082 3968 2142 efficiatur.

785 2164 1009 2238 Quodsi
1051 2167 1304 2244 primum
1348 2166 1705 2242 quaerimuS,
1776 2176 1970 2223 utrum
2016 2165 2287 2241 singulae
2349 2176 2575 2222 tantum
2641 2165 2944 2222 societates
3002 2165 3061 2220 in
3109 2164 3388 2242 Aegypto
3445 2164 3686 2233 fuerint,
3751 2185 3822 2222 an
3886 2165 3970 2223 ibi

484 2267 717 2326 quoque
760 2250 948 2307 maius
992 2247 1397 2306 sodaliciorum
1441 2267 1652 2326 corpus
1691 2249 1994 2320 exstiterit,
2037 2260 2097 2307 et
2139 2268 2215 2307 ex
2264 2267 2375 2305 usu
2420 2247 2836 2306 vocabulorum
2891 2242 3094 2307 κοινόν
3137 2260 3196 2305 et
3240 2245 3497 2319 σύνοδος
3538 2257 3596 2305 et
3636 2247 3768 2305 ideo
3812 2248 3969 2328 quod

483 2331 637 2390 duae
680 2333 821 2391 illae
862 2334 1270 2409 inscriptiones
1310 2333 1442 2390 aliis
1487 2352 1721 2410 quoque
1763 2332 1939 2390 rebus
1981 2335 2134 2391 inter
2176 2351 2238 2390 se
2284 2330 2567 2402 differant,
2611 2332 2878 2409 quamvis
2919 2351 3119 2389 omnes
3163 2331 3535 2389 difficultates
3565 2332 3770 2389 tollere
3800 2352 3970 2410 posse

484 2416 625 2473 mihi
677 2436 789 2474 non
844 2414 1069 2483 videar,
1122 2425 1318 2473 tamen
1362 2416 1735 2474 statuendum
1782 2434 1989 2473 censeo
2034 2419 2094 2473 in
2140 2418 2420 2493 Aegypto
2459 2435 2692 2493 quoque
2734 2417 2919 2473 maius
2961 2414 3139 2473 fuisse
3181 2415 3521 2490 collegium,
3565 2416 3659 2472 cui
3701 2417 3970 2491 singulae

482 2499 697 2576 synodi
756 2513 952 2557 essent
1007 2497 1293 2557 addictae.
1380 2497 1527 2557 Cum
1587 2501 1742 2558 enim
1803 2512 1841 2560 t.
1869 2504 1949 2559 33
1994 2521 2046 2559 v.
2084 2504 2159 2557 14
2212 2496 2283 2558 τὸ
2331 2497 2532 2558 κοινὸν
2572 2504 2695 2559 τῶν
2738 2524 2796 2558 π.
2845 2523 2896 2559 τ.
2943 2498 3020 2558 Δ.
3067 2505 3349 2576 τεχνιτῶν
3405 2498 3755 2568 habeamuS,
3811 2498 3969 2577 quod

483 2581 747 2660 pleniore
789 2587 1023 2641 nomine
1063 2580 1228 2641 audit
1255 2604 1312 2643 v.
1357 2590 1387 2641 1
1437 2592 1697 2661 τεχνῖται
1743 2583 1797 2643 οἱ
1842 2608 1902 2642 π.
1932 2607 1985 2644 τ.
2017 2584 2097 2644 Δ.
2132 2584 2232 2642 καὶ
2271 2580 2468 2653 Θεούς
2500 2579 2835 2663 Ἀδελφούς
2852 2582 2950 2657 ⁹³).
2993 2582 3244 2655 legimus
3286 2583 3346 2639 in
3389 2594 3432 2640 t.
3459 2585 3565 2639 34:
3612 2580 3816 2654 ἔδοξεν
3843 2592 3970 2655 τοῖς

483 2668 781 2743 τεχνίταις
833 2676 959 2739 τοῖς
1002 2690 1060 2726 π.
1104 2690 1156 2725 τ.
1190 2666 1269 2727 Δ.
1317 2668 1416 2726 καὶ
1469 2666 1666 2739 Θεοῖς
1710 2664 2046 2747 Ἀδελφούς
2104 2667 2202 2726 καὶ
2248 2674 2374 2736 τοῖς
2416 2663 2527 2743 τὴν
2581 2661 2842 2727 σύνοδον
2885 2666 3283 2742 νέμουσινθῧ).
3368 2664 3526 2737 Quid
3583 2678 3776 2723 autem
3822 2666 3970 2724 illud

488 2746 543 2808 οἳ
588 2748 699 2827 τὴν
741 2745 1000 2811 σύνοδον
1044 2748 1320 2826 νέμοντες
1362 2751 1473 2807 sibi
1520 2752 1664 2809 velit
1703 2751 2053 2826 intellegere
2094 2770 2209 2807 non
2255 2768 2578 2827 possumuS,
2621 2748 2732 2806 nisi
2774 2751 3080 2806 statuimus
3122 2749 3232 2807 hac
3274 2748 3540 2820 formula,
3581 2750 3639 2807 iu
3690 2770 3806 2826 qua
3848 2751 3972 2807 sola

484 2851 599 2890 vox
646 2829 904 2906 σύνοδος
946 2846 1030 2911 (ν.
1063 2853 1108 2891 ε.
1142 2836 1337 2911 p.sss.)
1368 2835 1720 2905 inveniatur,
1761 2835 1901 2891 item
1943 2848 2121 2911 atque
2150 2832 2550 2891 additamento
2581 2837 3006 2903 συντελοῦντες
3036 2836 3158 2892 κτλ.
3191 2833 3453 2890 homines
3481 2832 3763 2909 quosdam
3796 2836 3971 2907 signi-

486 2916 663 2987 ficari,
704 2919 803 2994 qui
848 2917 1077 2994 syuodo
1121 2916 1351 2974 cuidam
1393 2919 1627 2976 maioris
1655 2917 1917 2975 sodalicii
1962 2916 2181 2975 addicti
2226 2916 2460 2981 sint95).
2549 2915 2744 2989 Quid?
2792 2916 2950 2994 quod
2974 2917 3171 2973 omnia
3213 2917 3424 2993 quibus
3454 2915 3570 2973 duo
3614 2916 3702 2973 illi
3747 2916 3972 2995 lapides

484 2999 640 3057 inter
680 3020 742 3057 se
784 2999 1080 3071 differant,
1124 3003 1174 3057 si
1218 3001 1451 3059 titulum
1496 3002 1749 3079 priorem
1794 3001 1928 3075 (33)
1975 3012 2167 3058 ortum
2212 3020 2340 3058 esse
2383 3001 2690 3058 statuimus
2732 3021 2769 3058 a
2808 3011 2930 3057 toto
2973 3000 3223 3074 collegio
3266 3000 3694 3076 Aegyptiorum
3739 3020 3973 3074 magno,

486 3082 645 3160 quod
676 3083 1098 3142 Ptolemaidem
1145 3086 1456 3142 convenire
1482 3086 1715 3153 soleret,
1761 3085 2008 3142 alterum
2053 3086 2190 3161 (34)
2234 3085 2312 3142 ab
2341 3085 2500 3141 illius
2531 3083 2816 3159 singulari
2850 3083 3101 3161 quadam
3135 3082 3380 3160 synod0,
3426 3102 3578 3160 quae
3609 3084 3972 3142 Ptolemaide

486 3166 733 3237 sederet,
776 3166 948 3225 facile
992 3168 1403 3247 explicantur?
1489 3169 1582 3227 Ac
1624 3170 1874 3247 primum
1917 3167 2154 3246 quidem
2201 3169 2261 3226 in
2291 3168 2500 3245 synodi
2545 3166 2946 3225 tantummodo
2971 3165 3220 3239 decretO,
3261 3166 3361 3224 ubi
3390 3164 3465 3223 de
3507 3165 3668 3223 urbis
3698 3169 3970 3226 technitis

486 3269 675 3308 sermo
705 3270 833 3308 esse
880 3251 1112 3310 videtur
1143 3250 1249 3329 (34
1270 3273 1323 3310 V.
1338 3254 1419 3326 7),
1453 3252 1686 3311 Baccho
1732 3264 1953 3310 certum
1985 3272 2308 3327 cognomen
2343 3253 2548 3327 Magni
2581 3250 2821 3330 (μέγας)
2851 3249 3143 3309 tribuitur.
3216 3248 3446 3308 Deinde
3472 3268 3604 3307 cum
3632 3250 3691 3307 in
3725 3262 3971 3328 utroque

486 3331 718 3392 decreto
748 3331 1044 3413 πρύτανις
1072 3335 1311 3413 quidam
1342 3336 1442 3397 διὰ
1475 3338 1617 3413 βίου
1649 3338 1888 3408 colatur,
1916 3337 1977 3394 in
2003 3337 2172 3394 titulo
2202 3340 2313 3396 τοῦ
2334 3341 2538 3395 κοινοῖ·
2563 3336 2736 3393 etiam
2759 3335 2978 3392 maiore
3001 3334 3305 3412 hipparchi
3335 3334 3836 3409 munereinsiguis
3864 3344 3971 3397 est.

487 3415 663 3476 Adde
705 3419 861 3496 quod
903 3422 961 3476 in
1006 3419 1116 3476 hoc
1159 3418 1390 3479 decreto
1435 3435 1494 3479 et
1536 3422 1741 3478 merita
1782 3421 1926 3489 eius,
1975 3420 2074 3497 qui
2118 3419 2434 3478 honoribus
2478 3419 2728 3476 afficitur
2769 3419 2884 3475 alio
2929 3428 3108 3495 atque
3151 3438 3218 3475 eo
3261 3418 3531 3491 graviore
3575 3417 3745 3474 modo
3789 3419 3970 3475 extol-

486 3501 690 3560 luntur
735 3516 794 3560 et
836 3503 1083 3560 honores
1129 3506 1376 3562 maiores
1435 3506 1842 3562 decernuntur.
1929 3502 2078 3560 Cum
2128 3504 2283 3561 euim
2338 3504 2431 3559 hic
2475 3507 2648 3560 etiam
2695 3502 2771 3558 ob
2815 3520 2978 3558 suam
3035 3502 3094 3557 in
3138 3520 3335 3575 regem
3382 3501 3654 3578 regisque
3695 3512 3969 3579 parentes

487 3584 959 3644 benevolentiam
1029 3588 1136 3661 (33
1156 3606 1210 3642 v.
1249 3590 1382 3646 193.
1427 3586 1664 3659 εὐνοίας
1709 3592 1818 3666 τῆς
1867 3590 1953 3659 εἷς
2001 3585 2108 3647 τὸν
2145 3587 2407 3662 βασιλέα
2474 3590 2573 3646 καὶ
2638 3583 2782 3656 τούς
2839 3581 3060 3645 τούτου
3123 3593 3315 3662 γονεῖς
3380 3582 3534 3659 κτὶ.)
3604 3585 3974 3661 praedicetur

487 3688 736 3749 eamque
766 3669 841 3728 ob
873 3689 995 3727 rem
1026 3689 1142 3727 non
1172 3670 1360 3728 solum
1392 3691 1603 3730 corona
1632 3670 1955 3730 hederacea
1982 3669 2086 3728 sed
2115 3671 2291 3729 etiam
2321 3670 2525 3727 tabula
2553 3670 2710 3748 picta
2740 3669 3071 3737 honoretur,
3100 3688 3253 3745 quae
3281 3669 3342 3725 in
3373 3670 3646 3745 prytanei
3678 3669 3968 3726 vestibulo

485 3764 771 3812 statuatur
790 3754 885 3831 96),
933 3754 1028 3812 hic
1071 3752 1146 3811 ob
1190 3774 1355 3812 suam
1402 3776 1543 3830 erga
1583 3755 1787 3813 urbem
1833 3766 1892 3814 et
1933 3755 2221 3815 technitas
2268 3752 2731 3811 benevolentiam
2778 3762 3001 3809 tantum
3049 3751 3322 3809 laudatur
3366 3754 3471 3825 (34
3493 3772 3549 3809 v.
3575 3754 3706 3811 5ss.
3735 3750 3972 3824 εύνοίας

487 3835 658 3898 ἕνεκα
684 3842 796 3915 τῆς
826 3841 910 3910 εἰς
940 3836 1054 3916 τὴν
1081 3834 1259 3898 πόλιν
1288 3845 1409 3900 τῶν
1434 3839 1872 3915 ΙΙτολεμαιείον
1893 3839 1991 3898 καὶ
2015 3837 2157 3910 τοὺς
2176 3838 2448 3914 τεχνίτας
2473 3835 2613 3909 τούς
2633 3830 2738 3916 Ιπ.]
2773 3860 2823 3896 τ.
2844 3836 3037 3915 μέγαν
3059 3836 3139 3894 Δ.
3158 3833 3410 3909 nali.)
3441 3855 3632 3913 neque
3654 3837 3968 3914 quicquam

487 3921 598 3979 nisi
643 3941 914 3979 coronam
956 3922 1119 3978 illam
1164 3923 1433 3981 usitatam
1476 3923 1707 4000 accipit.
1792 3924 1987 3980 Etiam
2035 3934 2155 3980 tota
2196 3922 2436 3991 ratione,
2480 3940 2598 3997 qua
2628 3921 2782 3977 tituli
2828 3919 2916 3976 illi
2944 3919 3235 3976 honorarii
3280 3928 3556 3976 curantur
3597 3918 3971 3991 inscribendi,

483 4006 637 4062 inter
681 4022 744 4062 se
788 4005 1089 4063 differunt:
1133 4006 1192 4062 in
1232 4007 1497 4085 pleniore
1540 4007 1693 4064 enim
1739 4006 1838 4064 illo
1882 4006 1989 4083 (33
2021 4026 2072 4063 v.
2100 4007 2204 4078 23)
2249 4005 2444 4062 scriba
2485 4009 2593 4065 τοῦ
2628 4008 2834 4063 κοινοῦ
2864 4012 3373 4073 commemoratur,
3416 4022 3451 4057 a
3493 4002 3702 4079 synodi
3735 4002 3968 4061 decreto

484 4089 682 4159 abest,
743 4109 936 4167 neque
979 4108 1117 4146 vero
1161 4089 1257 4148 hic
1300 4109 1439 4147 casu
1482 4090 1732 4166 quodam
1778 4110 1909 4147 eum
1955 4091 2228 4147 omissum
2274 4107 2433 4160 esse,
2476 4098 2541 4144 ut
2583 4087 2739 4145 tituli
2781 4086 2869 4144 illi
2912 4085 3174 4164 alioquin
3217 4085 3333 4141 sint
3373 4083 3620 4155 diversi,
3666 4086 3777 4144 sibi
3818 4087 3970 4163 quis-

483 4191 661 4250 quam
704 4173 1074 4249 persuaserit.
1157 4174 1429 4252 Denique
1472 4193 1646 4250 quam
1690 4173 1838 4231 mira
1878 4174 2101 4231 ratione
2144 4174 2205 4230 in
2250 4176 2456 4232 κοινοῦ
2487 4170 2719 4228 decreto
2750 4169 2826 4227 ad
2870 4188 3142 4226 coronam
3175 4167 3528 4243 adiungatur
3559 4168 3762 4227 tabula
3790 4173 3966 4247 picta,

486 4276 603 4313 non
631 4256 1066 4331 neglegendum
1109 4274 1239 4314 esse
1270 4259 1520 4317 videtur.
1610 4257 1756 4315 Cum
1790 4260 1943 4314 enim
1975 4257 2239 4333 legamus
2283 4256 2388 4331 (33
2409 4276 2466 4312 v.
2501 4259 2574 4313 15
2596 4258 2696 4328 ss.)
2729 4258 3117 4336 στεφανῶσαι
3162 4297 3174 4309 .
3206 4299 3218 4311 .
3254 4297 3268 4311 .
3310 4253 3513 4311 κίττου
3544 4249 3828 4335 στεφάνῳ
3862 4296 3877 4310 .
3913 4299 3925 4311 .
3957 4297 3969 4310 .

485 4335 637 4419 τύχῃ
690 4342 765 4418 τῇ
828 4338 1039 4422 ἀγαθῇ
1098 4336 1417 4403 ἀναθεῖναι
1478 4339 1536 4401 δ’
1602 4334 1847 4422 αύτ[οῐ”·]
1913 4343 2011 4400 καὶ
2073 4337 2274 4402 εἰκόνα
2335 4336 2612 4417 γραπτὴν
2652 4338 2833 4414 κτλ),
2891 4335 3082 4394 facere
3138 4355 3250 4394 non
3299 4354 3561 4413 possum,
3628 4337 3768 4413 quin
3813 4336 3969 4407 inde,

484 4422 641 4500 quod
686 4421 783 4480 hic
826 4422 1010 4479 honos
1056 4443 1093 4479 a
1135 4436 1255 4482 toto
1301 4430 1483 4508 κοινῷ
1527 4423 1603 4482 ad
1645 4444 1915 4483 coronam
1961 4444 1997 4481 a
2040 4424 2268 4504 synodo
2312 4442 2646 4481 concessam
2675 4420 3007 4492 adderetur,
3048 4419 3196 4477 illud
3243 4417 3456 4499 ἀγαθῇ
3490 4415 3638 4500 τύχῃ
3685 4421 3968 4495 originem

487 4506 725 4564 duxisse
770 4524 1067 4575 censeam,
1120 4508 1277 4585 quod
1319 4510 1377 4566 iu
1424 4519 1757 4567 contextum
1802 4528 1916 4565 non
1961 4510 2103 4565 satis
2148 4506 2440 4586 quadrare
2480 4516 2600 4564 toto
2655 4506 2964 4563 verborum
3008 4502 3210 4561 ordine
3254 4502 3354 4579 (cf.
3386 4503 3479 4578 (Υ)
3523 4501 3967 4565 demonstratur.

790 4687 858 4753 ⁹²)
896 4690 977 4737 Dc
1012 4697 1246 4752 tempore
1281 4689 1521 4740 Millerus
1559 4691 1779 4753 exponit
1812 4689 2035 4738 BCHIX
2073 4706 2126 4752 p.
2168 4689 2261 4738 137
2277 4704 2323 4737 s.

788 4759 853 4821 ὓ)
890 4758 972 4806 cf.
1008 4773 1054 4807 v.
1091 4756 1125 4803 8
1160 4766 1213 4805 et
1246 4757 1338 4810 221:
1375 4754 1433 4809 οἱ
1461 4759 1705 4824 τεχνῖται,
1744 4775 1788 4808 v.
1812 4758 1901 4807 23:
1939 4756 2002 4805 τὸ
2037 4756 2233 4808 κοινόν.

786 4826 851 4889 Ἰ)
891 4826 973 4875 Cf.
1012 4842 1058 4874 v.
1094 4824 1150 4874 8:
1184 4825 1309 4879 τοὺς
1342 4827 1577 4892 τεχνίτας
1608 4827 1731 4880 τούς
1769 4821 1875 4891 [τι]
1912 4841 1957 4874 τ.
1992 4824 2158 4891 μέγαν
2198 4826 2259 4875 A.
2297 4827 2384 4873 καὶ
2423 4823 2480 4874 θ.
2515 4820 2602 4872 Ἀ.

789 4894 857 4957 ²⁵)
893 4892 1159 4943 Particula
1209 4896 1295 4942 καὶ
1349 4911 1471 4957 pars
1524 4897 1706 4944 eodem
1761 4895 1918 4942 modo
1973 4896 2039 4940 ad
2094 4902 2263 4941 totum
2311 4907 2500 4955 corpus
2554 4891 2855 4948 adiungitur
2899 4899 3052 4952 atque
3116 4889 3168 4937 in
3226 4889 3477 4936 Teiorum
3544 4888 3967 4950 inscriptionibus

485 4963 557 5031 (v.
579 4981 627 5028 p.
656 4962 772 5026 10):
805 4962 869 5013 τὸ
906 4962 1090 5012 κοινὸν
1119 4959 1225 5011 τῶν
1258 4977 1315 5011 π.
1340 4978 1383 5011 τ.
1412 4964 1471 5013 A.
1495 4979 1628 5026 τεχν.
1652 4960 1758 5011 τῶν
1782 4957 1861 5011 ἐπ’
1882 4957 1949 5009 Ἰ.
1975 4977 2019 5009 κ.
2040 4957 2126 5010 ‘R
2149 4964 2235 5008 καὶ
2256 4958 2365 5009 τῶν
2385 4955 2512 5027 περὶ
2533 4960 2629 5010 τὸν
2649 4958 3000 5025 καθηγεμόνα
3021 4959 3082 5007 A.
3117 4958 3186 5019 (v.
3210 4959 3273 5005 de
3309 4955 3460 5005 titulo
3498 4955 3561 5005 74
3598 4956 3966 5018 imperatorum

484 5031 801 5096 temporibus
827 5031 1127 5095 conscripto
1165 5030 1195 5077 i.
1222 5046 1270 5093 p.
1297 5030 1362 5079 23
1381 5029 1649 5094 adn.144).
1700 5028 2026 5078 Vocabulum
2053 5021 2276 5082 σύνοδος
2303 5027 2462 5076 simili
2487 5030 2644 5076 modo
2669 5027 2890 5075 adicitur
2914 5027 2967 5074 in
2991 5025 3331 5087 inscriptione
3359 5024 3558 5084 Argiva
3583 5022 3718 5087 (30);
3743 5039 3788 5073 v.
3815 5040 3862 5087 p.
3888 5024 3966 5072 13.

783 5098 850 5161 ²⁸)
888 5099 1164 5148 Decretum
1200 5112 1325 5146 vcro
1362 5097 1417 5146 in
1452 5106 1674 5160 utroque
1708 5096 1861 5147 titulo
1899 5108 2019 5146 ante
2056 5095 2304 5160 templum
2343 5097 2538 5144 Bacchi
2573 5097 2698 5159 poni
2735 5096 2939 5144 iubetur
2974 5094 3060 5158 (33
3086 5109 3132 5143 ν.
3158 5094 3250 5151 25;
3286 5095 3352 5142 34
3385 5108 3433 5142 v.
3461 5092 3563 5156 11).

3632 5194 3664 5240 3
