4550 5734
2202 379 2278 439 15

495 582 745 640 hominis
789 578 1086 637 cuiusdam
1147 579 1409 637 honorati
1455 578 1683 637 Baccho
1738 577 2063 653 dedicetur,
2125 580 2447 641 breviorem
2491 600 2620 639 esse
2663 579 2891 638 dicendi
2945 579 3180 639 modum
3224 590 3572 652 statuemus,
3627 582 3966 658 praesertim

489 686 625 723 cum
668 666 931 740 Argivae
984 663 1375 742 inscriptionis
1436 683 1553 720 uno
1618 663 1769 732 1060,
1827 684 1943 741 quo
2004 667 2139 721 item
2204 665 2405 723 titulus
2465 665 2804 723 honorarius
2845 663 3247 723 inscribendus
3288 664 3587 736 afferatur,
3647 666 3963 722 breviorem

495 748 790 826 quandam
833 747 1142 804 formulam
1186 744 1293 825 (30
1310 767 1367 804 v.
1394 750 1505 807 33:
1552 744 1619 806 τὸ
1666 771 1720 806 κ.
1766 752 1890 807 τῶν
1931 773 1992 808 π.
2040 772 2091 808 τ.
2126 748 2208 808 Δ.
2255 773 2410 828 reygm
2453 754 2576 809 τῶν
2618 748 2682 820 ἐξ
2721 745 2784 808 ³1.
2832 773 2886 808 κ.
2929 748 3033 823 Ν.)
3077 766 3427 824 cognoscere
3469 748 3777 827 possimne,
3823 746 3965 805 alibi

491 843 593 890 aut
637 831 955 910 pleniorem
1000 841 1103 887 aut
1142 830 1327 887 multo
1374 830 1728 888 breviorem?

782 914 950 972 Haec
993 931 1086 971 res
1131 914 1347 992 optime
1393 913 1765 971 confirmatur
1819 915 1904 971 eis
1946 933 2096 992 quae
2140 913 2213 973 de
2255 915 2504 992 collegio
2547 914 2894 983 Isthmiaco,
2952 915 3216 991 quamvis
3254 912 3403 971 illud
3446 915 3736 972 rarissime
3778 915 3860 971 ita
3902 914 3964 971 in

484 998 666 1056 titulis
696 998 1044 1069 inveniatur,
1087 1010 1152 1054 ut
1196 997 1337 1074 quin
1366 1006 1548 1054 totum
1576 998 1649 1054 sit
1676 996 1989 1073 collegium
2008 995 2108 1075 ⁷⁹),
2150 1018 2265 1056 non
2295 1017 2431 1077 pars
2473 997 2759 1077 quaedam
2789 996 3046 1055 dubitari
3088 1017 3202 1055 non
3230 998 3431 1075 possit,
3472 998 3766 1055 enucleari
3809 997 3964 1055 licet.

784 1098 877 1156 Ac
914 1099 1165 1176 primum
1213 1097 1449 1174 quidem
1477 1096 1787 1154 dicendum
1832 1090 1922 1155 est
1963 1097 2037 1155 de
2065 1099 2232 1157 titulo
2276 1098 2527 1176 quodam
2573 1100 2633 1155 in
2661 1098 2862 1155 Attica
2902 1107 3131 1176 reperto
3174 1093 3283 1175 (2),
3330 1116 3504 1174 quem
3544 1108 3660 1155 tam
3704 1098 3961 1155 lacerum

490 1201 621 1239 esse
668 1180 842 1238 valde
887 1181 1075 1239 doleo.
1158 1181 1293 1239 Hoc
1338 1182 1464 1238 loco
1507 1179 1582 1237 de
1624 1181 1824 1238 litibus
1879 1182 2031 1238 inter
2071 1181 2461 1241 Athenienses
2513 1194 2572 1240 et
2615 1182 2928 1257 collegium
2971 1182 3255 1239 artificum
3306 1181 3445 1239 ortis
3486 1182 3584 1257 agi
3627 1181 3963 1240 Koeblerus

496 1274 721 1324 censet.
807 1264 956 1321 Mihi
995 1284 1134 1322 vero
1163 1265 1347 1321 multo
1372 1264 1542 1321 aliter
1568 1284 1660 1322 res
1700 1265 1852 1321 inter
1891 1282 1954 1322 se
1976 1283 2235 1322 conexae
2276 1267 2453 1323 fuisse
2481 1265 2771 1324 videntur.
2857 1264 3005 1322 Cum
3051 1266 3202 1322 enim
3249 1265 3309 1321 in
3340 1264 3652 1340 fragmenti
3680 1283 3720 1322 a
3760 1265 3963 1343 primis

486 1348 758 1405 versibus
781 1345 1115 1405 discrimina
1135 1346 1421 1425 quaedam
1447 1357 1970 1406 commemorentur
1993 1345 2071 1425 (v.
2094 1352 2169 1406 14
2188 1351 2555 1427 κατηγορίας
2581 1352 2892 1409 ποιεῖσθαι
2915 1346 3116 1425 κατὰ),
3138 1350 3196 1406 in
3214 1348 3465 1425 epistula
3481 1348 3960 1426 Amphictionum

486 1430 583 1507 (fr.
608 1431 674 1508 b)
718 1430 963 1489 dubium
993 1440 1083 1489 est
1112 1452 1188 1489 an
1216 1430 1443 1489 dicatur
1471 1442 1527 1487 et
1558 1431 1631 1489 de
1659 1430 1915 1507 synodis,
1960 1450 2111 1509 quae
2141 1433 2453 1510 participes
2484 1432 2696 1490 fuerint
2737 1429 2818 1509 (v.
2850 1433 2887 1490 8
2919 1431 3012 1491 ἐπὶ
3045 1430 3159 1503 τὰς
3187 1425 3678 1513 μετεχούΙσ]α[ς])
3727 1431 3963 1509 collegii

476 1516 642 1573 illius
687 1516 887 1589 magni
928 1519 1054 1575 τῶν
1096 1515 1184 1589 ἐξ]
1222 1514 1287 1575 Ἰ.
1320 1540 1377 1575 κ.
1408 1517 1488 1573 Ν.
1523 1538 1676 1593 τεχν.
1711 1512 1791 1591 (v,
1822 1514 1924 1593 14)
1968 1525 2027 1572 et
2069 1512 2143 1571 de
2186 1513 2565 1574 dissolutione
2604 1515 2763 1572 illius
2807 1517 3062 1593 corporis
3106 1514 3184 1593 (ν.
3217 1516 3253 1572 9
3298 1510 3653 1589 nadabia&
3698 1514 3811 1593 μὲν
3852 1520 3960 1575 τοῦ

478 1597 709 1675 κοινοῦ)
754 1599 877 1656 sive
904 1599 1059 1655 facta
1099 1600 1225 1656 sive
1250 1601 1487 1656 evitata.
1569 1600 1862 1656 Romanos
1887 1618 2027 1655 vero
2072 1600 2448 1656 intervenisse
2485 1598 2754 1656 videmus
2798 1594 2880 1676 (v,
2916 1595 3035 1676 10),
3084 1597 3298 1676 quibus
3339 1598 3674 1657 auctoribus
3715 1598 3961 1675 Amphi-

481 1682 700 1740 ctiones
738 1682 1023 1759 quaedam
1070 1683 1132 1739 in
1194 1700 1547 1761 unaquaque
1606 1681 1779 1752 urbe,
1832 1681 2057 1740 scilicet
2108 1681 2340 1757 collegii
2386 1682 2710 1752 Isthmiaci,
2763 1681 3040 1759 perscribi
3083 1682 3290 1739 volunt
3338 1680 3420 1756 (v.
3453 1685 3526 1738 11
3575 1680 3732 1742 κατὰ
3781 1679 3958 1741 πόλιν

485 1762 941 1843 ἀνα[γράψαι]).
1026 1765 1280 1844 Reliqua
1321 1764 1589 1844 quamvis
1633 1766 1857 1822 incerta
1897 1766 2036 1835 sint,
2089 1774 2283 1822 tamen
2343 1766 2653 1843 collegium
2704 1764 2854 1823 illud
2910 1785 3187 1841 magnum
3244 1784 3318 1822 ex
3376 1772 3613 1822 senatus
3662 1766 3960 1838 consultis,

481 1847 555 1905 de
596 1849 806 1925 quibus
852 1847 1035 1906 verba
1071 1850 1220 1907 fiunt
1261 1847 1343 1929 (v.
1378 1847 1497 1926 16),
1538 1859 1829 1906 servatum
1869 1868 1998 1906 esse
2031 1848 2304 1919 arbitror3
2350 1860 2503 1907 certe
2542 1851 2613 1910 fr.
2644 1868 2676 1905 c
2722 1848 2997 1907 docemur
3024 1850 3258 1906 Atticae
3303 1847 3390 1905 illi
3413 1847 3636 1924 synodo
3678 1850 3959 1906 mansisse

480 1931 787 2008 privilegia
827 1933 882 1990 ei
924 1933 1084 2010 prius
1129 1952 1401 1991 concessa
1443 1932 1519 2008 (v.
1556 1936 1619 1991 6:
1667 1927 2115 2014 διαφυλάσσειν
2144 1930 2316 2006 τ[(ὶ]ς
2344 1932 2673 2010 δεδομένας
2703 1928 2833 2013 Hcs?
2873 1926 3120 2010 ἢμῶν]).
3204 1933 3287 1989 At
3328 1931 3468 2009 quid
3509 1931 3684 1989 fuerit
3733 1934 3959 1990 Atticae

480 2012 699 2091 synodo
745 2034 877 2073 cum
921 2016 1170 2093 collegio
1202 2017 1509 2075 Isthmiaco
1553 2017 1905 2093 quaesiverit
1945 2016 2272 2094 quispiam?
2357 2015 2581 2090 Quodsi
2622 2035 2907 2075 conexum
2935 2016 3351 2074 sententiarum
3395 2026 3551 2072 recte
3588 2015 3957 2088 restituimuS,

480 2100 667 2156 iacere
712 2120 829 2156 non
876 2118 1206 2178 possumuS,
1266 2103 1408 2179 quin
1456 2101 1709 2156 Atticam
1767 2118 1999 2177 quoque
2041 2099 2331 2175 synodum
2384 2100 2500 2157 illis
2545 2099 2900 2177 temporibus
2951 2119 3126 2157 unam
3172 2100 3352 2156 fuisse
3412 2118 3487 2155 ex
3529 2099 3612 2155 eis
3661 2108 3952 2177 putemus,

476 2201 629 2259 quae
673 2184 987 2262 participes
1028 2196 1223 2241 essent
1264 2184 1698 2262 (μετεχουσῶν)
1743 2182 1973 2257 collegii
2020 2182 2337 2241 Isthmiaci.
2422 2182 2590 2256 Quae
2632 2204 2763 2241 cum
2808 2184 2889 2240 ita
2919 2184 3056 2250 sint,
3099 2202 3240 2240 usus
3269 2181 3540 2239 vocabuli
3571 2178 3774 2243 κοινόν
3806 2183 3952 2241 etin

476 2267 897 2344 subscriptione
941 2267 1113 2324 huius
1156 2267 1311 2325 tituli
1356 2280 1413 2325 et
1439 2268 1682 2324 aliorum
1730 2262 1811 2343 (v.
1833 2286 1881 2322 3.
1903 2287 1957 2343 p.
1981 2270 2013 2325 7
2035 2265 2167 2324 adn.
2188 2264 2294 2343 40)
2337 2265 2567 2324 facilius
2598 2268 2845 2345 perspici
2873 2276 3089 2345 potest3
3134 2267 3414 2343 imprimis
3445 2265 3626 2331 verba
3651 2264 3718 2326 τὸ
3752 2264 3955 2326 κοινὰν

476 2342 646 2427 τ[ῶ]ν
700 2373 853 2426 τεχν.
909 2356 1032 2409 τῶν
1076 2351 1140 2411 ἓν
1180 2347 1565 2431 ἶ4[θήναις],
1631 2369 1782 2427 quae
1835 2350 1945 2407 hoc
2011 2350 2138 2407 loco
2197 2351 2475 2423 leguntur
2531 2350 2625 2425 (sr.
2664 2371 2708 2408 c.
2742 2371 2796 2411 v.
2833 2346 2935 2428 11)
2989 2351 3186 2409 verbis
3240 2349 3394 2407 tituli
3448 2349 3717 2406 Thebani
3781 2349 3953 2407 modo

475 2434 707 2489 tractati
749 2435 882 2507 (25z
926 2431 996 2494 τὸ
1041 2433 1245 2495 κοινὸν
1283 2440 1407 2493 τῶν
1448 2460 1506 2494 π.
1539 2457 1591 2493 τ.
1626 2434 1704 2492 Δ.
1730 2455 1884 2510 uzu.
1928 2440 2050 2493 τῶν
2095 2434 2156 2494 ἐν
2193 2431 2461 2513 Θήβαις)
2507 2433 2872 2512 respondent.
2957 2434 3249 2492 Nimirum
3294 2433 3392 2490 vel
3420 2433 3953 2509 potentissimarum

475 2515 704 2573 urbium
750 2516 1005 2592 synodos
1049 2519 1281 2575 titulum
1328 2513 1528 2577 κοινόν
1570 2519 1744 2575 etiam
1805 2516 2001 2575 verbis
2044 2519 2107 2591 ἐξ
2144 2516 2208 2577 Ἰ.
2255 2542 2308 2577 κ.
2355 2520 2434 2576 Ν.
2481 2519 2707 2575 omissis
2752 2517 2859 2575 sibi
2887 2519 3223 2595 'sumpsisse
3277 2535 3346 2574 eo
3392 2516 3583 2573 minus
3627 2514 3951 2573 mirandum

476 2607 581 2668 est,
628 2598 784 2677 quod
828 2602 1089 2678 proprias
1134 2621 1225 2658 res
1266 2602 1341 2660 ab
1372 2619 1725 2679 unaquaque
1772 2600 1997 2677 synodo
2040 2612 2318 2659 tractatas
2365 2620 2508 2671 esse,
2542 2601 2783 2678 proinde
2825 2620 2894 2659 ac
2936 2602 2986 2657 si
3027 2601 3154 2678 ipsa
3176 2604 3380 2660 κοινοῦ
3426 2599 3552 2657 1060
3596 2597 3953 2671 decerneret,

477 2700 551 2739 ex
594 2684 850 2761 ipsarum
894 2685 1223 2741 nominibus
1268 2683 1362 2763 (τὸ
1408 2683 1610 2744 κοινὸν
1652 2688 1773 2743 τῶν
1820 2731 1833 2744 .
1867 2732 1879 2743 .
1914 2729 1927 2743 .
1978 2685 2041 2757 ἐξ
2077 2684 2138 2744 Ἰ.
2188 2710 2242 2745 κ.
2291 2688 2371 2743 Ν.
2417 2708 2570 2762 mlv.
2618 2688 2851 2746 σνντελ.
2897 2680 3052 2761 κτλ.)
3097 2694 3357 2763 apparet.

774 2784 1021 2841 Etiamsi
1079 2795 1276 2842 autem
1327 2785 1512 2842 titulis
1572 2784 1764 2842 adhuc
1819 2786 1969 2842 notis
2029 2786 2088 2842 in
2147 2804 2274 2842 eam
2331 2786 2680 2842 sententiam
2739 2782 3023 2841 adductus
3095 2803 3248 2855 sum,
3326 2794 3391 2842 ut
3461 2785 3635 2841 etiam
3696 2780 3951 2840 Atticam

476 2864 763 2943 synodum
808 2880 1028 2944 partem
1073 2867 1389 2947 aliquando
1431 2868 1611 2926 fuisse
1653 2869 1885 2944 collegii
1928 2869 2224 2926 Isthmiaci
2267 2880 2487 2946 putem,
2542 2878 2797 2925 attamen
2861 2886 2931 2925 ea
2992 2886 3142 2945 quae
3201 2868 3385 2925 sentio
3427 2876 3547 2925 tam
3595 2864 3955 2925 confidenter

477 2949 733 3026 proferre
752 2951 831 3029 3⁰)
877 2950 1231 3021 dubitarem,
1286 2953 1397 3009 uisi
1442 2952 1546 3008 illa
1588 2962 1781 3009 nostra
1823 2953 2117 3009 sententia
2160 2953 2344 3010 titulis
2388 2953 2716 3030 nuperrime
2759 2950 3006 3028 Delphis
3048 2951 3303 3007 inventis
3343 2970 3538 3029 neque
3575 2969 3718 3007 vero
3761 2946 3953 3007 adhuc

476 3031 648 3091 editis
678 3035 822 3091 miro
849 3034 1098 3112 quodam
1144 3033 1314 3093 modo
1345 3035 1797 3093 confirmaretur.
1875 3035 1965 3091 Ex
1991 3035 2077 3092 bis
2120 3037 2163 3092 si
2195 3035 2367 3093 modo
2398 3033 2677 3093 brevibus
2707 3034 2819 3091 illis
2852 3034 3044 3091 verbis
3075 3033 3374 3091 nobiscum
3412 3033 3851 3092 communicatis
3870 3034 3952 3107 ⁸¹)

474 3115 620 3173 fides
664 3133 747 3174 est
794 3116 1089 3185 habenda,
1152 3120 1207 3175 in
1253 3119 1342 3175 ius
1383 3119 1526 3175 itum
1582 3138 1705 3176 esse
1749 3121 2134 3195 comperimus
2186 3132 2246 3177 et
2286 3140 2323 3176 a
2366 3116 2657 3175 Thebana
2707 3128 2766 3175 ot
2808 3117 2884 3175 ab
2927 3118 3126 3175 Attica
3181 3116 3408 3195 synodo
3453 3127 3588 3174 ante
3640 3116 3952 3192 collegium

478 3199 876 3271 Isthmiacum,
923 3200 1133 3259 deinde
1178 3220 1300 3259 rem
1345 3201 1419 3259 ab
1451 3201 1979 3279 Amphictionibus,
2023 3202 2275 3280 denique
2319 3222 2354 3259 a
2381 3202 2773 3259 Romanorum
2817 3201 3257 3277 magistratibus
3300 3212 3359 3258 et
3399 3211 3604 3259 senatu
3648 3210 3951 3257 tractatam

474 3302 619 3340 esse.
707 3282 823 3357 Qui
868 3296 1059 3342 autem
1107 3287 1229 3342 fieri
1275 3286 1533 3364 potuisse
1575 3304 1803 3355 censes»,
1852 3295 1916 3342 ut
1957 3285 2159 3343 Attica
2214 3284 2476 3363 synodus
2516 3285 2670 3362 apud
2714 3284 2859 3342 illud
2907 3284 3218 3359 collegium
3262 3283 3635 3342 Isthmiacum
3681 3281 3956 3359 litigaret,

476 3367 589 3424 nisi
630 3369 683 3424 ei
727 3367 1017 3445 adscripta
1072 3368 1263 3426 esset?
1349 3368 1696 3426 Thebanam
1753 3380 1811 3426 ct
1855 3370 2104 3426 Atticam
2162 3368 2453 3446 synodum
2507 3389 2700 3426 nonne
2752 3369 2982 3446 saepius
3024 3367 3783 3428 simultatibuS.disiunctas
3826 3385 3953 3425 csse

476 3452 755 3528 suspicari
786 3452 938 3519 licet,
968 3450 1440 3529 quandoquidem
1473 3452 1568 3509 vel
1600 3453 1703 3509 has
1735 3472 1941 3509 nomen
1973 3447 2174 3512 κοινόν
2202 3454 2376 3509 etiam
2407 3453 2616 3509 omisso
2639 3452 2875 3529 proprio
2905 3452 3062 3508 illius
3090 3450 3324 3526 collegii
3352 3450 3518 3508 titulo
3550 3447 3724 3528 (35²1.
3753 3474 3808 3510 κ.
3843 3448 3953 3527 N.)

478 3532 590 3591 sibi
634 3533 931 3591 vindicare
973 3534 1283 3592 videmus?
1381 3535 1611 3608 Quibus
1672 3555 1808 3594 vero
1869 3536 2226 3614 temporibus
2289 3535 2488 3593 Attica
2555 3534 2814 3613 synodus
2873 3536 3077 3593 maiori
3139 3536 3362 3612 corpori
3424 3533 3701 3591 adiuncta
3758 3532 3950 3605 fuerit,

479 3619 810 3674 coniectura
850 3620 1125 3692 augurari
1154 3638 1476 3696 possumus.
1562 3620 1715 3677 Tum
1761 3620 1914 3675 enim
1961 3640 2091 3677 cum
2122 3619 2338 3676 Atticis
2382 3619 2652 3676 technitis
2686 3618 2998 3695 privilegia
3039 3617 3144 3674 illa
3174 3616 3312 3675 data
3353 3628 3489 3675 sunt
3535 3615 3648 3694 (1),
3695 3616 3956 3693 synodus

477 3720 551 3757 ex
598 3702 816 3758 maiore
875 3700 1150 3758 sodalicio
1194 3700 1451 3760 nondum
1508 3702 1821 3780 pendebat.
1914 3703 2038 3760 lam
2083 3722 2217 3761 vero
2273 3712 2413 3760 ante
2454 3702 2707 3761 medium
2768 3701 2890 3759 fere
2942 3702 3237 3758 saeculum
3293 3705 3528 3759 tertium
3575 3699 3950 3758 Isthmiacum

477 3784 787 3859 collegium
841 3783 1135 3842 conditum
1197 3805 1322 3843 esse
1375 3796 1434 3843 et
1476 3785 1548 3842 ad
1604 3785 1751 3843 illud
1796 3788 2050 3844 Atticam
2109 3785 2399 3862 synodum
2451 3806 2514 3843 se
2558 3786 2880 3863 applicasse
2942 3803 3058 3841 non
3114 3784 3299 3842 solum
3354 3805 3430 3843 ex
3481 3782 3709 3841 duobus
3768 3785 3952 3842 titulis

478 3868 798 3926 honorariis
846 3871 933 3938 (ῖς
979 3870 1043 3941 8)
1088 3868 1550 3927 concludendum
1595 3882 1706 3939 est,
1751 3871 1808 3927 in
1854 3871 2066 3947 quibus
2110 3868 2178 3929 τὸ
2226 3866 2428 3929 κοινόν
2474 3870 2747 3947 scriptum
2793 3866 3070 3938 videmus,
3114 3866 3214 3925 sed
3260 3869 3434 3926 etiam
3477 3887 3552 3925 ex
3595 3866 3953 3926 Soteriorum

476 3951 758 4027 catalogis
807 3951 924 4009 illis
979 3953 1225 4010 multum
1278 3953 1536 4011 tractatis
1580 3951 2221 4025 (Wescker-Foucart,
2274 3950 2465 4009 Inscr.
2510 3950 2592 4009 de
2640 3949 2938 4029 Delphes,
2985 3954 3174 4019 1863,
3219 3971 3314 4009 nc.
3358 3955 3519 4011 3-6
3563 3980 3644 3998 z
3693 3944 3954 4009 Lueders

478 4054 571 4094 nc.
622 4033 794 4112 112),
855 4056 1001 4113 quos
1055 4047 1191 4094 ante
1249 4035 1505 4094 medium
1562 4036 1682 4095 fere
1735 4038 2033 4094 saeculum
2096 4038 2328 4095 tertium
2385 4037 2737 4113 conscriptos
2795 4055 2921 4092 esse
2977 4044 3036 4091 et
3076 4035 3385 4092 Reiscbius
3442 4037 3699 4111 graviter
3758 4034 3956 4092 docuit

476 4126 565 4195 (p.
596 4115 702 4195 97)
758 4128 815 4175 et
859 4120 1212 4178 Pomtowius
1263 4118 1591 4198 (Fleckeis.
1637 4118 1831 4177 Jahrb
1883 4123 2043 4180 1894
2087 4142 2147 4199 p.
2181 4118 2330 4187 502)
2388 4120 2806 4198 comprobavit.
2893 4118 3028 4175 Hae
3080 4119 3240 4196 ipsae
3291 4118 3470 4176 feriae
3525 4128 3591 4176 ut
3645 4116 3953 4195 splendide

479 4201 932 4273 celebrarentur,
976 4204 1176 4281 paullo
1214 4215 1523 4282 postquam
1570 4202 1869 4262 institutae
1913 4216 2124 4275 essent,
2161 4202 2438 4261 sodalicia
2479 4206 2538 4261 in
2581 4204 2768 4260 maius
2808 4203 3119 4278 collegium
3162 4200 3443 4260 coaluisse
3472 4201 3953 4259 verisimillimum

478 4303 603 4342 esse
647 4282 903 4357 videtum
946 4288 1021 4345 ab
1065 4288 1166 4345 illo
1211 4290 1389 4364 igitur
1433 4287 1709 4346 sodalicio
1755 4287 2066 4346 Isthmiaco
2106 4287 2334 4345 Soteria
2374 4307 2444 4344 ea
2466 4288 2542 4362 82)
2588 4297 2788 4344 curata
2831 4305 2983 4353 esse,
3030 4304 3275 4362 quorum
3317 4285 3613 4360 catalogos
3656 4284 3955 4355 habemuS,

476 4379 738 4447 apparet.
828 4368 962 4441 Qua
1004 4391 1134 4429 cum
1176 4372 1463 4429 sententia
1504 4371 1645 4449 quid
1688 4372 1895 4428 melius
1949 4372 2215 4448 congruit
2258 4390 2432 4448 quam
2480 4370 2636 4448 quod
2677 4370 2756 4428 ibi
2802 4371 2879 4428 25
2926 4368 3203 4446 Sicyonii,
3250 4370 3287 4427 8
3332 4369 3559 4444 Argivi,
3605 4370 3684 4426 49
3729 4367 3951 4437 Boeoti,

789 4550 851 4615 ¹¹9)
891 4552 1171 4610 Quomodo
1208 4555 1394 4604 κοινόν
1429 4563 1479 4602 et
1517 4548 1741 4606 σῦιόδος
1783 4554 1981 4601 diversa
2022 4553 2211 4601 suerint
2244 4553 2440 4615 optime
2479 4552 2766 4600 illustratur
2802 4552 2956 4600 titulo
2994 4551 3345 4609 Chalcidensi,
3383 4552 3426 4599 si
3462 4553 3619 4599 modo
3655 4558 3735 4597 est
3755 4551 3953 4599 techni-

479 4632 646 4670 tarum
676 4619 813 4686 (32);
851 4636 984 4669 unus
1007 4623 1141 4669 enim
1170 4625 1329 4671 homo
1369 4623 1553 4671 dicitur
1587 4618 1698 4670 ἀπὸ
1733 4620 1933 4679 κοιιόἶ,
1972 4621 2102 4669 alter
2136 4617 2265 4685 ἇπξὸ
2299 4620 2393 4683 τῆς
2427 4615 2586 4683 αὐτῆς
2623 4613 2863 4668 συνόδου.
2937 4619 3018 4668 De
3054 4636 3150 4668 usu
3185 4619 3588 4682 praepositionis
3625 4618 3689 4667 cf.
3713 4618 3746 4669 i.
3772 4618 3953 4669 titulos

478 4700 849 4821 pomenoresssl')
885 4755 1052 4803 Nimis
1094 4758 1413 4806 confidenter
1445 4757 1729 4807 Joubinius
1768 4767 1818 4804 et
1854 4754 2181 4803 wilhelmius
2216 4754 2514 4817 (BCHXVI
2551 4772 2600 4818 p.
2625 4752 2712 4818 91)
2759 4766 2810 4803 et
2846 4756 2923 4806 tit.
2962 4756 2985 4802 1
3028 4764 3078 4803 et
3111 4757 3142 4803 2
3180 4757 3246 4802 ad
3276 4752 3504 4804 Atticam
3537 4761 3736 4817 partem
3774 4755 3950 4814 magni

480 4824 691 4885 collegii
728 4823 997 4875 Isthmiaci
1035 4823 1282 4876 referunt.
1315 4853 1383 4860 —-
1422 4826 1503 4876 Cf.
1542 4841 1673 4886 quae
1709 4827 1772 4871 de
1813 4822 2136 4872 Athenarum
2172 4824 2375 4871 minore
2410 4823 2724 4872 auctoritate
2761 4840 2802 4872 s.
2839 4840 2884 4886 p.
2929 4823 2991 4871 10
3026 4825 3145 4874 adn.
3186 4824 3248 4871 31
3320 4822 3674 4883 exposuimus.

781 4890 845 4955 ⁸¹)
882 4892 1195 4941 BCHXVII
1239 4909 1288 4956 p.
1324 4894 1450 4943 613:
1502 4892 1738 4947 ..doz—sier
1794 4889 1922 4938 d'tm
1969 4890 2124 4955 litige
2178 4906 2404 4938 sur-vena
2463 4896 2606 4939 entre
2654 4889 3010 4939 l'association
3065 4889 3154 4938 des
3201 4890 3430 4953 τεχνῖται
3475 4886 3759 4937 ἀἈεῙιέηεε
3803 4893 3852 4937 et
3898 4888 3952 4937 la

479 4958 810 5023 corpor-atior:
852 4959 917 5008 de
950 4958 999 5007 Τ
996 4958 1144 5006 hebes
1182 4964 1231 5007 et
1266 4960 1415 5023 porte
1456 4965 1575 5008 tour
1608 4961 1641 5008 ὰ
1681 4965 1799 5007 tour
1834 4957 2022 5006 devant
2060 4958 2108 5005 le
2144 4957 2340 5021 synode
2386 4957 2450 5006 de
2484 4956 2720 5007 l'lsrhmc
2768 4963 2817 5006 et
2861 4957 2925 5006 de
2965 4954 3174 5017 Nemee,
3220 4957 3414 5006 devant
3464 4956 3536 5005 les
3577 4954 3952 5023 Amphictions,

477 5027 617 5091 enfin
656 5026 849 5076 devant
887 5027 959 5075 les
992 5026 1306 5091 magistrats
1344 5032 1393 5076 et
1430 5025 1476 5075 16
1511 5028 1657 5076 senat
1696 5025 1896 5076 romain
1926 5024 2228 5089 (Homolle).

783 5094 849 5157 ⁸²)
887 5095 1063 5159 Neque
1102 5096 1239 5144 enim
1276 5096 1485 5144 Soteria
1519 5095 1571 5144 in
1610 5096 1865 5155 catalogis
1903 5103 2311 5144 commemorata
2347 5094 2514 5157 prima
2547 5095 2706 5144 fuisse
2745 5095 3013 5143 Reiscbius
3049 5093 3085 5142 l.
3121 5092 3155 5143 l.
3195 5095 3364 5144 docet.
